2250 3698
55 240 108 303 88,
125 240 246 303 (117131
304 239 504 291 EPISTVLAE
527 238 717 290 SELEUPAE.
932 239 964 291 67

56 396 177 470 gratum
199 389 255 448 hoc
276 387 459 461 Domitiam,
482 386 558 447 adeo
579 386 700 464 quidem
715 393 750 446 ut
767 385 878 466 gaudio
899 383 1011 464 pro13

56 487 187 560 deretur,
204 484 377 563 diceretque
393 485 542 545 ‘absoluit
555 505 609 544 nos
623 483 813 544 Licinianus!
855 483 965 544 adiecit

56 585 149 646 etiam
162 603 224 644 non
238 603 302 645 esse
317 583 514 643 uerecundiae
526 583 589 643 eius
603 582 797 643 instandum:
820 581 878 661 ipsi
892 601 965 642 uero

56 683 201 765 permisit,
225 682 251 742 si
273 701 334 760 qua
357 689 466 761 posset,
491 702 529 740 ex
547 681 637 741 rebus
659 681 720 740 suis
742 687 870 760 raperet,
895 687 966 739 ante

29 792 148 861 squam
175 781 254 842 bona
280 780 513 860 publicarentur,
538 779 735 858 exsiliumque
762 778 851 839 molle
882 777 967 838 uelut

56 881 224 962 praemium
246 879 341 939 dedit.
392 899 514 957 exque
542 886 644 938 tamen
672 887 777 958 postea
806 877 965 938 clementia
979 882 1013 939 14

55 978 122 1039 diui
136 976 257 1038 Neruae
271 976 436 1037 translatus
451 985 497 1036 est
513 976 545 1036 in
567 976 708 1050 Siciliam,
725 976 777 1036 ubi
799 995 879 1036 nunc
900 995 966 1056 pro

55 1077 163 1137 fitetur
176 1095 266 1154 seque
280 1075 318 1136 de
332 1075 456 1135 fortuna
469 1074 704 1156 praefationibus
718 1073 861 1134 uindicat.

97 1173 192 1234 Vides
219 1194 311 1253 quam
333 1174 534 1252 obsequenter
567 1194 688 1254 paream
715 1172 780 1246 tibi,
818 1173 871 1251 qui
904 1191 966 1232 non
980 1174 1013 1232 15

14 1290 45 1328 10
57 1272 156 1334 solum
168 1292 216 1334 res
227 1272 356 1333 urbanas
371 1292 477 1332 uerum
491 1272 583 1332 ctiam
597 1271 769 1352 peregrinas
783 1279 846 1330 tam
862 1269 966 1330 sedulo

58 1370 156 1432 scribo
176 1378 212 1432 ut
232 1370 324 1430 altius
345 1378 488 1448 repetam.
532 1377 564 1429 et
585 1388 657 1428 sane
678 1367 823 1448 putabam
839 1375 878 1440 te,
895 1369 966 1446 quia

58 1477 132 1530 tunc
156 1468 267 1541 afuisti,
292 1468 368 1527 nihil
390 1466 473 1527 aliud
501 1466 538 1528 de
560 1466 714 1527 Liciniano
736 1466 854 1527 audisse
875 1486 966 1545 quam

59 1567 226 1648 relegatum
268 1567 307 1627 ob
348 1567 504 1626 incestum.
561 1585 708 1625 summam
750 1565 830 1625 enim
866 1585 966 1625 rerum

61 1667 182 1726 nuntiat
216 1665 304 1739 fama,
334 1685 395 1725 non
423 1663 568 1724 ordinem.
619 1685 736 1724 mereor
764 1673 800 1724 ut
835 1659 966 1723 uicissim
979 1672 1012 1730 16

16 1775 46 1829 15
60 1764 133 1843 quid
153 1763 186 1823 in
207 1764 318 1842 oppido
333 1772 394 1836 tuo,
418 1762 492 1841 quid
514 1762 546 1821 in
567 1762 702 1822 finitimis
725 1771 834 1842 agatur
855 1760 967 1840 (solent

59 1862 139 1922 enim
153 1862 298 1922 notabilia
308 1861 455 1940 quaedam
470 1860 615 1939 incidere)
630 1860 814 1938 perscribas:
836 1859 966 1937 denique

59 1960 209 2040 quidquid
223 1960 314 2034 uoles,
331 1960 405 2020 dum
418 1959 509 2019 modo
520 1978 581 2018 non
603 1958 702 2017 minus
725 1958 815 2038 longa
838 1956 970 2036 epistula·

59 2059 189 2119 nunties.
241 2078 297 2139 ego
317 2078 379 2118 non
400 2058 525 2138 paginas
547 2064 666 2116 tantum
681 2053 733 2114 sed
755 2055 847 2114 etiam
861 2073 966 2115 uersus

59 2156 249 2237 syllabasque
260 2157 433 2218 numerabo.
477 2154 553 2224 ualc.

14 2514 46 2550 20
146 2543 148 2546 ,
402 2483 454 2538 33.
489 2482 547 2544 (IV.
570 2483 621 2550 133)

176 2599 204 2653 O.
225 2600 372 2651 PLINIVS
390 2599 572 2652 CORNELIO
589 2598 719 2650 TACITO
737 2597 804 2649 SVO
822 2598 848 2650 S.
873 2648 878 2657 ,

99 2733 225 2794 Saluum
245 2735 277 2794 in
299 2733 404 2794 urbem
425 2734 541 2794 uenisse
562 2734 679 2815 gaudeo
689 2756 697 2808 ;
722 2731 833 2792 uenisti
853 2739 963 2806 autem,
993 2741 1010 2798 1

58 2833 83 2893 si
97 2832 219 2911 quando
232 2831 313 2905 alias,
329 2852 408 2892 nunc
422 2833 552 2892 maxime
573 2832 646 2891 mibi
663 2830 858 2891 desideratus.
901 2831 964 2910 ipse

57 2930 193 3012 pauculis
213 2929 312 2991 adhuc
333 2930 439 2991 diebus
461 2931 493 2991 in
510 2930 679 2991 Tusculano
700 2929 912 3003 commorabor,
929 2937 964 2990 ut

59 3096 90 3145 16
108 3092 238 3144 notabilia
249 3092 378 3158 quaedam
394 3099 485 3145 Brona
501 3096 544 3157 (cfi
563 3094 618 3145 111.
635 3097 659 3144 1.
674 3097 691 3144 2
705 3092 813 3143 confusa
824 3091 963 3158 quaedam)

56 3176 187 3242 quaedam
203 3174 333 3226 notabilia
349 3181 396 3226 HV
432 3179 463 3227 18
480 3178 586 3227 nunties
603 3181 692 3228 Bl'eua
708 3176 804 3226 nuntia
819 3180 868 3227 111
884 3175 971 3224 etiam

57 3274 150 3309 uersus
161 3263 251 3310 Brona
262 3275 353 3310 uersus
364 3259 445 3311 etiam
456 3257 523 3312 MV?

85 3339 598 3408 0822sa1uumtcina,om.terall.
