2250 3698
141 215 195 280 08.
213 217 272 284 (lx
284 222 325 285 11)
391 218 592 276 EPISTVLAE
609 220 798 277 subuertit.
999 223 1046 278 119

483 450 535 506 62.
569 451 628 513 (IX.
651 452 702 513 10.)

358 562 387 613 O.
408 561 554 614 PLINIVS
571 561 702 614 TAOITO
720 562 788 614 SVO
805 562 832 615 S.

181 675 279 756 Cupio
300 678 467 757 praeceptis
488 679 550 739 tuis
574 698 678 759 parere
688 701 697 754 3
724 679 777 740 sed
797 698 938 759 aprorum
959 687 1074 749 tantal

139 774 266 854 penuria
284 783 330 835 est
348 783 384 836 ut
405 775 561 837 Mineruae
582 784 614 837 et
634 776 757 851 Dianae,
774 796 848 856 quas
869 777 913 837 ais
933 778 1046 857 pariter

111 871 287 952 5oolendas,
317 875 477 935 conuenire
511 895 572 935 non
599 875 701 954 possit.
758 875 861 954 itaque
888 873 1075 942 Mineruae2

140 976 262 1031 tantum
276 972 468 1033 seruiendum
482 979 535 1047 est,
551 971 679 1033 delicate
698 980 808 1046 tamen,
824 978 860 1033 ut
878 972 909 1032 in
929 992 1046 1034 secessu

140 1075 172 1127 et
185 1074 308 1129 aestate.
351 1069 383 1129 in
398 1070 448 1130 uia
461 1069 550 1149 plane
569 1090 630 1131 non
648 1070 731 1131 nulla
750 1070 864 1131 leuiora
882 1070 1045 1149 statimque

139 1163 267 1225 delenda
289 1185 322 1225 ea
345 1167 599 1246 garrulitateque
620 1186 771 1228 sermones
791 1168 824 1226 in
844 1166 983 1228 uehiculo
1003 1187 1045 1229 se-

139 1270 250 1324 runtur
274 1264 404 1325 extendi.
447 1264 495 1326 bis
519 1265 667 1345 quaedam
690 1265 794 1325 addidi
818 1265 850 1324 in
874 1264 955 1338 uilla,
978 1285 1046 1325 cum

95 1393 127 1431 10
139 1359 223 1421 aliud
238 1381 297 1422 non
312 1361 427 1423 liberet.
470 1363 573 1442 itaque
587 1370 727 1443 poemata
739 1363 906 1442 quiescunt,
920 1382 996 1441 quae
1010 1371 1046 1424 tu

140 1458 221 1518 inter
245 1479 368 1520 nemora
390 1467 422 1520 et
444 1459 526 1521 lusos
554 1460 793 1522 commodissime
817 1461 918 1540 perfici
946 1469 1043 1540 putas.

140 1555 359 1617 oratiunculam
373 1577 465 1617 unam
479 1556 606 1619 alteram
620 1555 802 1635 retractaui;
827 1577 999 1637 quanquam
1013 1557 1044 1619 id
1058 1565 1076 1623 3

139 1673 235 1734 genus
249 1654 347 1734 operis
366 1655 533 1727 inamabile,
549 1656 749 1731 inamoenum,
766 1655 922 1737 magisque
940 1656 1046 1717 labori·

140 1751 197 1813 bus
211 1752 289 1813 ruris
303 1772 394 1832 quam
408 1752 616 1833 uoluptatibus
630 1754 734 1815 simile.
778 1754 854 1816 uale.

484 2051 533 2107 63.
571 2051 629 2112 (IX.
653 2054 704 2113 ll.)

347 2178 375 2232 C.
396 2177 544 2230 PLINIVS
561 2179 706 2232 GEMINO
723 2178 792 2231 SVO
809 2178 827 2231 S

180 2293 348 2374 Epistulam
363 2304 448 2356 tuam
461 2294 707 2357 iucundissimam
726 2294 833 2374 accepi,
850 2314 886 2355 eo
904 2294 1042 2369 maxime,
1057 2304 1074 2363 1

139 2393 221 2472 quod
243 2393 357 2474 aliquid
378 2393 417 2454 ad
438 2401 469 2454 te
491 2393 579 2454 scribi
601 2392 723 2454 uolebas
746 2392 828 2472 quod
849 2392 932 2453 libris
953 2393 1044 2453 inseri

139 2499 249 2572 posset.
292 2492 433 2553 obueniet
452 2493 586 2564 materia,
602 2490 652 2552 uel
672 2491 745 2551 haee
765 2490 831 2570 ipsa
852 2511 942 2570 quam
963 2510 1045 2553 mon-

94 2596 225 2662 matres,
243 2589 293 2649 uel
312 2591 412 2669 potior
432 2590 497 2650 alia.
542 2597 614 2649 sunt
634 2589 714 2649 enim
735 2589 767 2647 in
788 2588 844 2649 hae
866 2588 1045 2649 offendicula

139 2707 200 2748 non
215 2687 315 2748 nulla:
337 2688 494 2750 oiroumfer
510 2686 618 2759 oeulos,
636 2694 666 2746 et
681 2692 846 2746 occurrent.

179 2783 362 2865 Bibliopolas
386 2784 529 2866 Lugduni
558 2803 621 2844 esse
645 2803 706 2843 nou
731 2783 884 2862 putabam,
904 2804 938 2844 ao
958 2789 1074 2847 tanto2

138 2881 282 2943 libentius
307 2902 345 2943 ex
369 2881 479 2943 litteris
504 2882 566 2942 tuis
594 2881 720 2961 eognoui
748 2881 899 2942 uenditori
927 2880 1044 2943 libellos

138 2999 228 3054 meos,
246 2980 354 3059 quibus
375 2999 499 3060 peregre
520 2999 640 3039 manere
660 2978 790 3060 gratiam
812 2999 902 3058 quam
918 2979 950 3040 in
969 2980 1044 3041 urbe

173 3147 213 3192 οἱ
234 3143 264 3193 10
280 3143 416 3208 quiescent
426 3145 453 3191 u
463 3143 613 3192 accrescent
624 3139 767 3191 Mommsen

172 3231 214 3275 08
241 3225 270 3278 17
295 3224 385 3289 aooepi
403 3228 430 3274 11
448 3223 535 3288 reoepi
555 3221 626 3272 ouh
668 3224 701 3274 23
725 3221 862 3274 uendituri
881 3221 924 3272 ibi
941 3220 1054 3272 libellos

139 3305 281 3357 Mommsen
