2250 3698
144 173 249 237 1211.
262 177 306 271 ml
391 174 593 227 EPISTVLAE
616 175 807 228 sunnone,
1024 177 1054 233 17

141 321 361 396 amaritudinis,
385 321 512 383 amoris!
534 321 641 383 inserit
665 342 744 396 sane,
771 322 824 383 sed
852 323 924 387 data
947 331 1050 402 opera,

141 419 284 480 mollibus
298 420 474 499 lenibusque
488 419 676 481 duriusculos
691 420 844 499 quosdam,
858 429 889 481 et
899 421 955 482 hoc
966 421 1052 500 quasi

141 517 282 579 Catullus
296 526 351 578 aut
365 516 485 579 Caluus.

182 615 273 697 Legit
294 616 368 676 mihi
389 636 485 696 nuper
506 615 650 696 epistulas
660 638 668 690 ;
695 617 798 677 uxoris
820 637 883 678 esse
910 616 1030 678 dicebat
1043 627 1080 684 :6

113 713 287 784 §Plautum
308 713 357 774 uel
378 713 554 774 Terentium
574 721 672 775 metro
693 714 826 774 solutum
847 715 907 796 legi
925 715 1047 776 credidi.

140 831 219 890 quae
240 811 304 871 siue
325 810 428 872 uxoris
451 819 531 884 sunt,
555 819 591 871 ut
612 811 760 885 adfirmat,
790 812 854 873 siue
881 813 987 891 ipsius,
1014 821 1049 873 ut

140 917 241 990 negat,
257 909 323 988 pari
337 909 433 990 gloria
446 909 556 990 dignm
571 909 684 988 estqui
697 918 752 969 aut
762 909 814 969 illa
824 919 984 989 componat
995 919 1048 971 aut

140 1026 275 1080 uxorem,
292 1027 383 1085 quam
397 1007 547 1088 uirginem
561 1007 684 1087 accepit,
700 1015 764 1067 tam
778 1006 898 1068 doctam
911 1008 1048 1089 politam-

140 1125 200 1184 que
213 1103 389 1165 reddiderit.
886 1159 888 1162 .

97 1225 127 1263 ιο
182 1203 237 1264 Fst
248 1223 319 1283 ergo
329 1223 446 1263 mecum
457 1223 511 1283 per
521 1202 601 1263 diem
611 1209 711 1263 totum
723 1226 729 1262 :
745 1202 874 1263 eundem
884 1211 1047 1282 antequam
1058 1208 1076 1266 7

139 1301 277 1375 scribam,
307 1300 436 1362 eundem
463 1321 532 1362 cum
560 1300 671 1381 scripsi,
702 1300 831 1362 eundem
859 1301 951 1362 etiam
978 1322 1046 1362 cum

91 1437 94 1443 ·
139 1400 287 1474 remittor,
304 1420 364 1460 non
383 1407 528 1478 tanquam
547 1398 677 1460 eundem
697 1399 772 1480 lego.
825 1399 906 1479 quod
925 1408 956 1461 te
976 1395 1046 1480 qu'o

140 1518 199 1576 que
213 1506 249 1558 ut
263 1498 353 1558 facias
370 1505 402 1558 et
418 1497 524 1558 hortor
540 1504 571 1557 et
590 1516 704 1557 moneo.
748 1517 845 1576 neque
860 1498 940 1558 enim
954 1498 1075 1560 debet8

139 1595 280 1676 operibus
294 1595 357 1655 eius
372 1594 474 1655 obesse
489 1592 570 1673 quod
584 1593 671 1654 uiuit.
714 1614 752 1654 an
772 1595 797 1655 si
811 1595 891 1656 inter
905 1616 955 1656 eos
970 1617 1045 1675 quos

94 1708 125 1763 ις
138 1713 295 1772 nunquam
319 1692 450 1752 uidimus
475 1691 632 1765 floruisset,
655 1712 715 1752 non
740 1691 837 1753 solum
864 1693 956 1754 libros
981 1694 1044 1755 eius

138 1811 247 1852 uerum
266 1790 358 1851 etiam
376 1790 522 1871 imagines
541 1789 792 1869 conquireremus,
812 1790 945 1852 eiusdem
964 1812 1044 1853 nunc

137 1890 235 1950 honor
249 1888 415 1967 praesentis
429 1896 461 1948 et
474 1887 574 1968 gratia
593 1888 678 1966 quasi
698 1888 839 1948 satietate
858 1888 1045 1969 languescit?

136 1995 170 2046 at
179 1987 236 2047 hoc
245 2006 372 2065 prauum
380 1985 605 2065 malignumque
614 1993 667 2058 est,
680 1984 1044 2046 nonadmirarihominem
1056 1987 1073 2046 9

137 2084 337 2145 admiratione
356 2083 573 2164 dignissimum,
590 2083 661 2162 quia
680 2082 791 2155 uidere,
808 2083 972 2162 complecti,
989 2104 1043 2146 nec

90 2197 125 2234 20
137 2182 261 2245 laudare
276 2190 397 2242 tantum
411 2202 517 2242 uerum
532 2181 623 2242 etiam
637 2201 738 2241 amare
752 2180 886 2261 contigit
931 2180 1007 2243 uale.

498 2377 548 2432 12.
583 2377 615 2438 (Ι.
637 2379 689 2439 18.)
707 2370 715 2385 ’

202 2495 231 2546 0.
251 2493 398 2546 PLINIVS
416 2493 594 2546 SVETONIO
612 2491 846 2554 TRANQVILLO
864 2492 931 2544 SVO
948 2493 973 2545 S.

178 2611 288 2673 Scribis
303 2619 334 2672 te
348 2611 543 2690 perterritum
555 2610 669 2671 somnio
680 2609 778 2670 uereri
789 2630 827 2670 ne
838 2609 912 2689 quid
923 2610 1042 2672 aduersi
1055 2612 1071 2670 1

104 2719 107 2724 ’
137 2709 169 2770 in
193 2710 310 2771 actione
338 2709 470 2790 patiaris,
499 2728 587 2789 rogas
615 2716 650 2768 ut
678 2707 853 2767 dilationem
881 2717 983 2788 petam
1011 2718 1042 2771 et

135 2858 153 2908 2
168 2857 274 2909 mollius
287 2858 424 2925 Ioniusque
436 2858 599 2911 duriuecolos
613 2859 707 2921 (culos
720 2861 782 2922 oue)
794 2863 891 2919 Brona,
905 2875 970 2910 corr.
985 2861 1039 2911 cod.

135 2939 230 2990 Dread.
277 2943 294 2990 4
321 2940 445 3006 epistolae
468 2941 557 2991 uxoris
579 2946 616 2991 Ba
637 2942 763 3006 epistolae
787 2957 853 3007 quae
878 2943 968 2992 uxoris
990 2948 1043 2992 Fon
1106 2991 1108 2996 ,

135 3024 150 3077 7
175 3021 273 3088 diguus
295 3026 336 3072 eet
357 3022 404 3087 qui
426 3026 498 3073 BPou
519 3022 615 3088 dignus
637 3024 683 3088 qui
706 3038 724 3074 a
768 3025 800 3074 14
824 3041 858 3074 an
880 3038 933 3074 oua
954 3034 983 3075 at
1005 3030 1043 3074 BF

137 3106 167 3154 lc
189 3104 403 3169 conquireremus
423 3103 638 3170 (conquilremus
658 3108 686 3167 B)
707 3110 795 3157 Brona
814 3106 1006 3172 requireremus
1025 3103 1046 3157 f

134 3186 189 3237 cod.
209 3186 304 3237 Dresd.
350 3188 380 3236 18
402 3191 432 3236 at
453 3199 505 3238 oua
527 3191 555 3237 et
577 3191 614 3237 BP
656 3189 687 3238 19
713 3187 803 3238 uidere
826 3186 966 3252 complecti
988 3191 1044 3240 Bra

134 3268 227 3323 uidere
244 3268 352 3336 adloqui
367 3268 459 3319 audire
476 3269 615 3335 complecti
631 3269 688 3321 culi

580 3364 598 3405 B
