2250 3698
90 214 145 274 81.
164 216 216 278 (IV
217 255 223 268 .
233 217 261 278 7)
340 216 539 270 EPISTVLAE
562 218 751 274 SELEUI'AEL
966 223 999 273 63

90 363 217 424 infamia
228 362 384 445 gloriosus.
414 374 506 425 uexat
521 386 591 447 erge
602 366 757 427 ciuitatem
771 368 997 431 insaluberrimo
1010 379 1027 437 6

93 470 235 542 tempore,
249 469 281 521 et
294 461 376 541 quod
391 470 483 523 uexat
494 463 636 525 solacium
650 474 746 545 putet.
789 466 863 526 dicit
874 486 905 527 sc
919 465 997 527 uelle

90 559 201 621 ducere
228 579 372 622 uxorem:
407 561 464 622 hoc
490 582 617 641 quoque,
648 563 725 624 sicut
752 563 818 637 alia,
847 584 994 645 peruerse.

90 657 196 719 audies
209 657 296 718 breui
315 659 436 739 nuptiae
455 659 595 741 lugentis,
611 662 732 741 nuptiae
751 662 830 722 senis
839 686 848 738 3
868 676 1029 742 quorum?

62 756 221 826 §alterum
241 757 445 832 immaturum,
461 758 591 820 alterum
615 779 715 820 serum
739 769 793 821 est.
836 761 917 822 unde
940 761 1028 830 hoca

88 874 221 936 augurer
249 855 388 934 quaeris?
407 857 549 936 nunquia
562 857 702 918 adimat
715 858 788 938 ipse,
803 878 864 938 quo
877 859 997 921 menda-

87 953 152 1015 cius
176 953 254 1013 nihil
283 962 336 1027 eet,
363 953 416 1015 scd
440 952 511 1033 quic
539 963 654 1015 certum
681 963 727 1017 cst
754 955 905 1036 Regulum
933 976 996 1018 esse

88 1051 244 1112 iacturum
257 1051 405 1130 quidquid
420 1053 484 1113 fieri
498 1072 558 1113 non
573 1061 701 1133 oportet.
744 1053 820 1114 ucle.

425 1357 491 1427 vser.
526 1371 585 1433 (IV.
600 1373 637 1433 7.)

23 1442 80 1543 ἰο
245 1484 275 1538 c.
295 1484 442 1537 rururvs
460 1485 568 1538 curre
586 1486 718 1539 turruo
734 1486 803 1540 svo
820 1486 845 1540 s.

132 1618 227 1700 Saepe
255 1619 312 1680 tibi
335 1619 402 1680 dico
430 1620 527 1681 inesse
555 1621 618 1680 uim
646 1621 771 1702 Regulo.
814 1622 923 1682 mirum
949 1629 1027 1690 eetl

91 1738 182 1797 quum
207 1719 314 1778 efficiat
337 1719 369 1778 in
392 1717 473 1797 quod
500 1719 645 1780 incubuit.
696 1719 809 1801 placuit
837 1721 865 1780 ei
892 1721 995 1802 lugere

91 1816 206 1892 filium;
239 1815 324 1897 luget
358 1825 394 1876 ut
427 1836 532 1877 nemo:
573 1817 686 1897 placuit
714 1826 830 1879 statuas
866 1819 929 1879 eius
964 1827 996 1880 ct

91 1914 236 1995 imagines
251 1934 341 1992 quem
355 1913 499 1994 plurimas
513 1914 628 1990 facere5
649 1915 705 1976 hcc
719 1915 857 1976 omnibus
873 1917 996 1977 officinis

47 2035 76 2090 ις
90 2012 163 2094 agit,
187 2012 273 2072 illum
297 2011 453 2085 coloribus,
478 2011 564 2073 ilium
588 2033 663 2087 cera,
693 2013 779 2073 illum
803 2034 878 2088 aere,
912 2015 999 2075 illum

89 2115 223 2188 argento,
250 2105 336 2166 illum
358 2126 439 2179 auro,
469 2105 566 2179 ebore,
590 2127 737 2167 marmore
766 2107 889 2188 effingit.
935 2108 1029 2189 ipse2

90 2221 163 2262 uero
176 2222 275 2282 nuper,
285 2200 423 2261 adhibito
445 2200 562 2281 ingenti
583 2201 734 2261 auditorio
756 2200 867 2261 librum
881 2201 920 2262 de
934 2202 1000 2262 uita

90 2301 154 2361 eius
192 2285 341 2372 recitauit,
376 2298 415 2358 de
457 2298 521 2358 uite
556 2299 659 2379 pueri:
703 2298 842 2360 recitauit
877 2308 979 2360 tamen
990 2323 999 2376 ;

90 2399 219 2459 eundem
246 2399 357 2459 librum
384 2397 417 2457 in
447 2397 629 2476 exemplaria
660 2398 889 2478 transscriptum
916 2398 999 2459 mille

45 2518 143 2578 20pcr
171 2506 268 2558 totam
296 2498 416 2559 Italiam
446 2497 674 2578 prouinciasque
706 2495 829 2556 dimisit.
881 2497 999 2577 scripsit

89 2597 207 2677 publice
235 2605 270 2658 ut
294 2619 312 2657 a
346 2597 557 2658 decurionibus
599 2597 761 2678 eligeretur
795 2594 999 2656 uocalissimus

89 2691 198 2770 aliquis
213 2712 250 2753 cx
264 2692 337 2772 ipeie
351 2693 403 2771 qui
416 2692 531 2773 legeret
546 2712 615 2752 eum
633 2689 762 2771 populo:
784 2688 897 2748 factum
912 2697 966 2748 est.

130 2788 217 2849 Hanc
239 2789 289 2850 ille
312 2789 383 2863 uim,
409 2810 462 2850 seu
486 2809 546 2868 quo
568 2790 627 2850 alio
653 2789 774 2850 nomine
797 2786 931 2846 uocanda
952 2795 1027 2858 ests

89 2885 219 2947 intentio
247 2888 396 2966 quidquid
431 2887 506 2948 uelis
541 2889 706 2962 obtinendi,
747 2888 772 2948 si
807 2885 846 2946 ed
880 2886 997 2966 potiora

124 3072 163 3116 ⁸1
183 3068 214 3118 10
225 3065 366 3118 Oirloecn.
378 3068 450 3120 codd.
463 3067 515 3130 (but
527 3073 547 3118 B
558 3071 585 3118 in
596 3068 674 3119 index
685 3067 829 3118 Adcatiurn
844 3098 850 3109 ·
868 3066 997 3132 lepidum)

93 3149 122 3202 17
139 3165 223 3216 nuper
234 3154 281 3201 liv
292 3154 320 3201 et
331 3166 415 3216 nuper
426 3155 515 3202 Brona
549 3153 579 3201 18
597 3150 629 3200 de
641 3151 698 3200 uita
713 3151 788 3215 pueri
803 3150 929 3201 recitauit
944 3164 993 3199 cm.

91 3232 148 3283 BR
164 3233 229 3294 (and
243 3235 258 3283 1
273 3233 297 3283 b.
312 3235 349 3294 u),
363 3233 425 3284 add.
439 3236 502 3285 live
536 3234 567 3283 19
584 3233 681 3283 librum
698 3248 747 3283 om.
760 3237 818 3293 HV,
829 3232 894 3282 cdd.
907 3235 1003 3280 muz.

91 3315 289 3387 transscripturi
300 3313 375 3366 miiie
385 3319 441 3375 Bra
453 3315 526 3369 mille
538 3318 855 3396 tmneecrintumfflcu
