2250 3698
157 241 174 290 4
368 237 397 290 0.
417 235 520 289 PLINI
536 235 681 290 essem
697 236 857 290 suevum
943 236 976 295 8.
994 236 1028 302 (L
1039 238 1067 302 3)
1088 281 1090 284 ,

158 385 274 447 tientur
285 407 294 460 3
315 385 371 447 hoc
391 404 546 464 nunquam
571 393 659 445 tuum
682 384 801 445 desinet
826 404 899 458 esse,
922 385 948 445 si
972 385 1066 448 semel

128 484 299 565 occeperit.
342 484 403 545 scio
417 504 507 567 quem
521 483 664 556 animum,
683 483 765 563 quod
778 483 884 544 horter
898 484 1064 565 ingenium.

158 590 194 643 tu
207 582 297 644 modo
312 551 430 644 ailadis*
441 591 476 642 ut
490 582 547 643 tibi
561 583 624 662 ipse
644 581 684 642 sis
697 582 778 660 tsnti
791 582 899 674 quanti
913 582 1067 644 uideberis
1119 608 1122 613 ·

157 680 231 756 aliis,
248 681 274 766 si
287 681 345 743 tibi
358 680 460 743 lucris.
502 679 578 742 uale.

532 942 562 999 4.
597 941 630 1004 (I-
650 943 687 1004 5.)
1042 983 1044 987 ,
1097 966 1112 1021 5

271 1067 301 1118 0.
321 1066 468 1119 PLINIVS
485 1065 646 1119 VOOONIO
662 1067 818 1140 ROMANO
835 1067 903 1120 SVO
920 1068 946 1121 S.

128 1182 144 1240 l
198 1179 350 1242 Vidistine
391 1200 573 1260 quemquam
615 1179 658 1240 M.
711 1179 829 1261 Regulo
870 1181 1063 1258 timidiorem,

157 1278 347 1340 humiliorem
371 1287 440 1359 post
464 1277 631 1339 Domitiani
655 1281 805 1339 morteml
835 1278 891 1339 sub
915 1300 976 1359 quo
1003 1300 1066 1342 non

157 1377 273 1437 minora
297 1377 413 1458 flagitia
437 1377 627 1437 commiserat
648 1397 740 1455 quam
767 1376 823 1437 sub
851 1377 981 1452 Nerone,
1011 1379 1066 1440 sed

157 1474 292 1534 tectiora.
349 1474 447 1553 eoepit
468 1473 566 1534 uereri
587 1493 625 1534 ne
646 1474 703 1534 sibi
724 1474 867 1536 irascerer
878 1498 887 1549 ;
907 1496 962 1536 neo
983 1476 1066 1538 falle
1083 1496 1114 1534 ιο

128 1577 145 1633 2
157 1572 255 1646 batur,
272 1572 427 1633 irascebar.
482 1571 599 1632 Rustici
613 1571 740 1633 Aruleni
754 1573 921 1653 periculum
935 1575 1063 1651 fouerat,

158 1670 350 1730 exultauerat
373 1678 478 1743 morte,
501 1668 579 1730 vadeo
603 1678 639 1730 ut
661 1670 775 1759 librum
800 1672 941 1733 recitaret
969 1673 1066 1754 publi·

157 1775 306 1846 caretque‚
334 1768 366 1827 in
390 1787 451 1846 quo
479 1742 828 1829 Rusticum'idselr'datm
851 1779 944 1850 atque
972 1773 1066 1834 etiarn

159 1867 349 1928 ‘Stoicorum
384 1865 518 1927 simiam'
562 1866 713 1947 appellat3
754 1866 848 1929 adicit
884 1868 1066 1932 ‘Vitellians

128 1965 294 2026 3cieatriee
318 1962 515 2045 stigmcsum.'
555 1965 690 2045 agnoscis
713 1965 916 2044 eloquentiam
940 1968 1064 2050 Reguli
1083 1989 1113 2042 ις

158 2062 269 2124 lacerat
294 2063 482 2124 Herennium
510 2063 712 2136 Senecionem,
739 2071 802 2123 tam
827 2065 1067 2146 intemperanter

157 2161 280 2240 quidem
302 2169 338 2221 ut
359 2161 473 2222 dixerit
493 2161 521 2222 ei
542 2160 670 2221 Mettius
693 2160 787 2222 Carus
811 2162 903 2241 ‘quid
923 2165 981 2225 tibi
996 2185 1066 2227 cum

157 2260 232 2320 meis
246 2261 393 2320 mortuisl
412 2258 560 2337 numquid
575 2279 631 2339 ego
645 2268 699 2320 eut
715 2259 822 2320 Crasso
837 2271 890 2321 aut
906 2261 1066 2326 Camerino

158 2358 302 2418 molestus
329 2356 426 2417 suml'
456 2378 531 2436 quos
559 2357 609 2418 ille
635 2358 690 2418 sub
712 2359 834 2421 Nerone
862 2381 934 2422 accu
967 2383 1006 2424 ue
1041 2371 1064 2425 t.

128 2457 231 2517 4haeo
246 2476 303 2516 -me
323 2455 458 2536 Regulus
478 2455 617 2516 dolenter
638 2456 742 2517 tulisse
751 2439 912 2550 ‹Ridebat›
934 2382 1116 2542 wiso

158 2556 250 2616 etiam
264 2575 332 2616 cum
346 2556 486 2616 recitaret
500 2555 619 2629 librum,
636 2576 697 2616 non
711 2526 899 2618 adhilddiat.

199 2654 359 2715 Praeterea
384 2654 631 2733 reminiscebatur
655 2656 951 2755 quam'cqpintaliter·
965 2659 1067 2770 iqsuqn
1097 2720 1105 2749 c

128 2759 206 2815 ime
215 2751 296 2832 apud
307 2752 510 2812 centumuiros
521 2752 696 2813 lacessisset.
739 2740 861 2814 ader'dm
872 2730 1076 2832 Arriomlledf
1112 2744 1116 2755 ⁸

158 2850 293 2911 Timonis
321 2851 416 2923 uxori,
453 2858 562 2930 rogatu
596 2851 723 2911 Amdeni
759 2851 876 2913 Rustici
887 2875 896 2927 ;
930 2853 1067 2936 Regulus

160 3015 173 3063 l
191 3028 334 3077 numquam
389 3012 506 3077 coeperit
522 3016 577 3063 Bra
592 3029 735 3079 numquam
752 3013 857 3065 desinet
873 3031 929 3066 esse
946 3017 969 3067 si
985 3019 1069 3070 semel

159 3095 275 3160 coeperit
287 3095 397 3160 (ceperit
410 3097 442 3155 V)
457 3097 534 3144 tuum
548 3100 596 3146 HV
612 3112 755 3161 numquam
769 3101 846 3147 tuum
859 3097 963 3149 desinet
976 3115 1034 3150 esse
1044 3101 1068 3151 si

159 3178 239 3229 semel
250 3178 367 3243 eoeperit
379 3177 489 3241 (ceperit
499 3180 528 3238 u)
540 3193 596 3227 esse
607 3191 641 3228 ou

192 3267 213 3310 4
241 3262 271 3311 18
294 3276 342 3324 ego
360 3263 408 3310 aut
427 3275 514 3309 crasso
533 3264 623 3310 Brous
641 3275 690 3326 ego
710 3275 798 3312 crasso
817 3267 865 3313 HV
904 3264 938 3315 20
956 3263 1070 3332 ideoque

159 3346 249 3395 Brona
266 3357 348 3407 eoque
365 3346 413 3392 HV
451 3341 485 3390 22
506 3357 548 3390 me
563 3342 650 3406 ipsum
666 3346 720 3393 Pon
