2250 3698
134 226 187 298 18.
206 227 294 304 (Lat)
381 227 582 296 taratrum
605 226 794 296 SELEUPAR
1008 229 1042 298 id

133 408 215 462 uero,
245 409 314 449 cum
341 388 414 450 haec
440 388 516 464 dico,
545 389 631 450 illum
659 390 853 452 Homericum
882 390 1040 471 ἀμετροειῆ

133 487 236 568 probo,
252 487 306 548 sed
320 487 400 548 huno

267 584 314 643 καὶ
328 585 395 643 ἔπεα
410 584 581 661 νιφάδεσσιν
595 584 707 645 εόικότα
723 585 911 665 χειμερίῃσιν·

133 700 196 743 non
210 682 355 761 quianon
369 690 400 743 et
414 683 464 744 ille
478 683 554 743 mihi
568 683 752 745 ualidissime
765 684 890 766 placeat,

105 798 120 852 5
265 779 361 858 παῦρα
374 778 433 857 μὲν,
451 779 538 839 ἀλλὰ
547 779 630 858 μάλα
645 780 757 860 λιγέως·

133 877 160 936 si
194 884 296 938 tamen
330 877 421 938 detur
455 879 570 952 electio,
606 878 691 940 illam
718 879 884 942 orationem
912 880 1040 942 similem

133 975 255 1035 niuibus
283 974 424 1050 hibernis,
453 976 486 1036 id
514 984 561 1037 est
588 977 723 1038 crebram
758 986 790 1039 et
823 978 981 1040 adsiduam
1008 987 1040 1040 et

132 1073 257 1153 largam,
272 1080 424 1153 postremo
438 1073 574 1135 diuinam
588 1083 620 1135 et
633 1074 799 1149 caelestem,
816 1077 893 1137 uolo.

174 1170 220 1231 At
254 1178 300 1231 est
333 1171 448 1251 gratior
482 1171 586 1232 multis
620 1172 702 1233 actio
733 1173 842 1233 breuis.
896 1181 950 1247 est,
987 1173 1086 1234 sedas

87 1294 119 1334 ιο
132 1269 289 1343 inertibus,
305 1290 434 1349 quorum
447 1269 569 1330 delicias
583 1270 789 1350 desidiamque
800 1270 885 1349 quasi
895 1271 1040 1332 iudicium

132 1365 280 1445 respicere
314 1366 475 1427 ridiculum
510 1374 563 1428 est.
607 1388 677 1428 nam
712 1368 738 1428 si
771 1368 827 1429 hos
857 1369 889 1428 in
916 1368 1040 1430 consilio

132 1463 253 1538 babeas,
282 1483 342 1525 non
370 1464 468 1525 solum
495 1465 589 1526 satius
618 1473 665 1526 est
691 1465 826 1527 breuiter
853 1466 952 1528 dicere
986 1467 1040 1528 sed

132 1560 256 1622 omnino
270 1581 330 1623 uon
344 1561 451 1623 dicere.

176 1659 259 1721 Haeo
279 1668 326 1721 est
346 1661 445 1722 adhuc
466 1661 616 1721 sententia
636 1681 710 1736 mea,
737 1682 828 1741 quam
852 1663 985 1736 mutabo,
1014 1663 1039 1723 si
1053 1664 1084 1722 24

87 1779 118 1833 15
133 1758 308 1820 dissenseris
323 1767 365 1833 tu,
382 1759 434 1820 sed
449 1759 537 1838 plane
558 1744 612 1818 eur
631 1758 791 1820 dissentias
813 1760 942 1839 explices
956 1781 1038 1840 rogo.

133 1856 272 1935 quamuis
287 1856 369 1917 enim¹
380 1857 485 1918 cedere
500 1857 673 1917 auctoritati
694 1865 765 1918 tuae
779 1857 912 1931 debeam,
929 1857 1040 1918 rectius

133 1962 237 2014 tamen
257 1954 388 2015 arbitror
408 1954 440 2013 in
461 1961 548 2014 tanta
568 1974 601 2014 re
622 1955 738 2015 ratione
754 1975 844 2033 quam
859 1955 1040 2014 auctoritate

133 2051 277 2130 superari.
331 2051 458 2132 proinde
482 2052 507 2112 si
531 2072 592 2112 non
618 2071 716 2113 errare
738 2051 852 2123 uideor,
881 2050 913 2110 id
941 2052 1040 2130 ipsum
1053 2053 1086 2111 25

133 2168 225 2228 quam
246 2149 329 2210 uoles
348 2149 434 2210 breui
456 2148 585 2229 epistula
609 2149 660 2210 sed
686 2159 788 2208 tamen
809 2148 904 2208 scribe
926 2148 1041 2225 (confir-

87 2267 122 2308 ao
134 2247 226 2308 maris
235 2248 315 2308 enim
325 2248 469 2308 iudicium
483 2248 597 2326 meum)
610 2271 618 2322 ;
633 2248 658 2308 si
673 2267 819 2320 errauero,
837 2246 1040 2328 longissimam

133 2363 216 2424 para.
258 2366 331 2406 num
353 2345 472 2426 corrupi
494 2354 534 2418 te,
561 2346 613 2424 qui
637 2346 702 2419 tibi,
727 2345 756 2405 si·
776 2345 851 2405 mihi
875 2345 1039 2418 accederes,

134 2441 236 2503 breuis
261 2442 406 2522 epistulae
431 2443 648 2517 necessitatem,
675 2443 700 2503 si
727 2443 909 2517 dissentires,
934 2443 1041 2524 longis-

134 2541 228 2602 simae
242 2540 399 2626 imposuil*
429 2541 505 2602 uale.

136 2723 169 2773 12
189 2723 274 2773 satius
293 2727 334 2773 est
351 2721 469 2773 breuiter
488 2726 578 2773 Bl’oua
597 2722 681 2773 satius
694 2715 821 2773 'breuiter
840 2723 888 2772 HV
927 2723 958 2772 16
980 2725 1042 2772 tuae

134 2805 245 2857 debeam
263 2810 353 2857 Bl’oua
369 2805 479 2856 debeam
497 2810 559 2855 tuae
577 2810 624 2855 MV
660 2807 690 2856 19
710 2805 756 2855 sed
773 2810 861 2855 tamen
879 2821 927 2855 om.
948 2810 966 2854 1²
983 2822 1037 2855 con·

133 2887 250 2938 firmaris
268 2892 306 2938 Ba
322 2886 519 2939 confirmaueris
535 2893 589 2938 rou
606 2886 772 2938 confirmabis
789 2890 837 2937 HV
872 2888 904 2938 20
921 2901 1043 2937 errauero

134 2975 226 3023 Brona
236 2984 324 3021 errare
335 2974 383 3021 ΙΝ
