2250 3698
137 275 190 333 1⁰.
208 276 296 339 (1.15)
383 275 584 328 EPISTVLAE
606 274 795 328 SELEC'I'AE.
1012 280 1043 328 15

134 423 229 485 bendi
242 422 448 502 recitandique
463 421 564 482 studio
577 423 651 484 hese
669 423 842 484 auditorum
861 423 910 484 uel
927 423 1042 484 desidia

134 521 185 583 uel
200 521 341 602 superbia
354 541 415 581 non
428 520 572 581 retardat.

176 619 326 699 Equidem
343 639 437 699 prope
455 618 569 678 nemini
587 617 678 678 defui.
722 627 809 679 erant
822 639 893 680 sane
907 620 1041 700 plerique

134 719 241 780 amici:
263 738 361 797 neque
380 717 460 778 enirn
479 716 607 777 estsere
626 717 785 796 quisquam
804 718 856 796 qui
875 718 983 792 studia,
1006 726 1042 778 ut

107 837 197 895 suon
211 814 301 877 simul
316 823 347 876 et
365 835 420 876 nos
439 822 529 875 emet.
573 815 619 875 his
640 836 678 875 ex
699 815 795 876 causis
812 815 930 896 longius
950 816 1071 895 quamss

134 914 359 975 destinaueram
373 920 492 992 tempus
506 913 539 972 in
552 912 627 974 urbe
637 913 814 992 consumpsi.
850 933 971 993 possum
981 914 1042 973 iam

134 1020 273 1092 repetere
284 1031 432 1072 secessum
443 1019 474 1071 et
485 1011 613 1072 scribere
622 1011 737 1090 aliquid
746 999 826 1090 quod
837 1031 898 1072 non
908 1012 1039 1085 recitem,

136 1129 173 1170 ne
196 1109 308 1182 uidear,
331 1129 460 1187 quorum
480 1108 706 1169 recitationibus
727 1108 819 1181 adfui,
839 1129 900 1169 non
922 1107 1042 1169 auditor

135 1207 228 1266 fuisse
250 1206 303 1266 sed
325 1206 463 1266 creditor.
508 1226 578 1265 nam
599 1214 635 1265 ut
655 1206 688 1264 in
709 1205 816 1265 ceteris
837 1205 925 1265 rebus
945 1205 990 1264 ita
1009 1205 1041 1265 in

95 1328 124 1366 ιο
136 1304 280 1365 audiendi
294 1304 388 1364 officio
402 1304 481 1383 perit
494 1303 601 1384 gratia,
617 1303 642 1362 si
656 1309 837 1382 reposcetur.
880 1301 956 1363 uele.

499 1567 549 1623 1⁰.
584 1567 616 1629 (I.
639 1569 691 1629 15.)

267 1683 295 1736 G.
315 1683 463 1735 PLINIVS
481 1682 642 1734 SEPTIOIO
660 1683 778 1736 OLARO
795 1683 863 1737 SVO
880 1684 905 1737 S.

176 1800 263 1862 Heus
277 1809 320 1875 tu,
336 1801 488 1880 promittis
497 1799 536 1860 ed
546 1820 650 1860 cenam
660 1821 714 1861 nec
725 1801 827 1861 uenis!
856 1801 968 1862 dicitur
977 1801 1041 1862 ius:
1055 1804 1072 1862 1

136 1899 175 1961 ed
185 1920 283 1960 assem
292 1898 478 1979 impendium
487 1896 602 1971 reddes,
616 1919 670 1958 nec
681 1898 713 1958 id
724 1898 883 1958 modicum.
920 1906 1073 1979 parata02

95 2025 123 2080 15
136 2006 223 2059 erant
245 1997 378 2058 lactucae
403 1995 546 2076 singulae,
571 1995 707 2056 cochleae
735 2004 847 2069 ternae,
878 2001 935 2056 cua
962 1996 1041 2070 bina,

136 2096 233 2158 halica
241 2116 310 2157 cum
318 2095 415 2156 mulso
424 2103 455 2155 et
464 2095 533 2154 niue
541 2095 624 2173 (nam
632 2094 709 2153 hanc
719 2113 838 2171 quoque
847 2094 1040 2173 computabis,

136 2194 228 2256 immo
246 2195 324 2255 hanc
343 2194 375 2253 in
395 2193 506 2273 primis,
529 2212 605 2272 quae
625 2191 715 2271 periit
735 2191 767 2249 in
781 2190 915 2270 ferculo),
936 2192 1042 2265 oliuae,

136 2291 259 2366 betacei,
283 2291 462 2364 cucurbitae,
485 2290 577 2363 bulbi,
594 2290 652 2349 alia
666 2288 748 2348 mille
762 2309 823 2349 nou
837 2289 936 2351 minus
950 2290 1040 2353 laute.

137 2391 270 2451 audisses
284 2388 460 2450 comoedum
474 2389 522 2450 uel
537 2389 679 2449 lectorem
695 2387 743 2448 uel
757 2387 884 2466 lyristen
895 2389 952 2463 uel,
965 2410 1042 2468 quae

95 2512 126 2551 ω
137 2509 203 2550 mea
213 2489 385 2562 liberalitas,
399 2509 507 2548 omnes.
546 2497 579 2547 at
590 2495 626 2547 tu
637 2486 718 2566 apud
727 2487 826 2547 nescio
835 2508 925 2566 quem
934 2498 1039 2563 ostrea,
1055 2497 1071 2553 3

137 2587 252 2660 uulues,
269 2587 397 2660 echinos,
414 2586 579 2646 Gaditanas
594 2585 735 2646 maluisti.

176 2684 271 2745 Dabis
280 2705 399 2764 poenas,
411 2705 471 2744 non
485 2684 552 2744 dico
563 2704 645 2762 quas.
683 2682 757 2744 dure
768 2684 880 2744 fecisti:
895 2685 1039 2759 inuidisti,

137 2784 235 2846 nescio
249 2805 289 2844 an
303 2783 367 2857 tibi,
384 2791 465 2844 certe
482 2780 661 2855 mihi-sed
679 2790 781 2842 tamen
799 2791 831 2843 et
845 2783 904 2843 tibi.
950 2804 1042 2862 quan-

136 2888 202 2942 tum
217 2902 272 2942 nos
286 2881 467 2954 lusissemus,
485 2881 660 2953 risissemus,
678 2880 914 2942 studuissemus!
955 2892 1041 2963 potes
1054 2887 1071 2942 4

136 3046 148 3094 l
169 3043 323 3095 auditorum
341 3043 384 3092 uel
401 3041 502 3092 desidia
519 3047 600 3092 MVou
617 3040 769 3092 auditorum
782 3042 884 3094 desidia
902 3044 968 3106 (des
984 3061 1042 3094 over

134 3142 199 3177 ecus.
214 3142 246 3177 or
256 3126 314 3176 blur
325 3126 353 3175 ie
365 3127 393 3186 B)
406 3130 460 3175 BF&

168 3217 210 3260 ιο
228 3211 260 3261 13
276 3209 381 3259 dicetur
398 3207 458 3257 Keil
493 3210 522 3259 16
542 3208 628 3257 halica
644 3212 763 3258 Bfflvon
780 3209 847 3258 aliea
864 3223 881 3259 a
898 3226 958 3258 nam
975 3209 1041 3261 hane

133 3307 239 3358 quoque
255 3296 356 3342 Hvoua
371 3305 432 3339 nam
451 3289 515 3339 haec
535 3306 638 3355 quoque
657 3294 695 3339 BF
736 3289 765 3343 17
789 3290 869 3355 periit
887 3289 955 3340 va
971 3292 1042 3354 perit

133 3377 224 3428 Brona
249 3373 290 3439 24
307 3370 498 3422 studuissemus
509 3387 558 3421 om.
572 3376 610 3421 BF
