2250 3698
59 195 113 254 18.
130 195 163 260 (I.
175 198 219 260 2⁰)
306 197 506 249 EPISTVLAE
524 197 718 250 summu.
935 200 966 251 19

408 346 480 486 Θ
505 394 538 454 ‹1-
557 395 611 457 2⁰.)

173 512 202 565 O.
222 510 370 564 PLINIVS
388 456 572 563 OdRNELIO
590 511 721 564 TACITO
738 512 806 564 SVO
823 512 849 565 S.

100 627 254 708 Frequens
278 629 352 688 mihi
376 629 542 708 disputatio
567 636 613 689 est
635 649 704 690 cum
724 629 855 708 quodam
875 628 993 691 doctol

59 728 180 789 homine
200 736 230 788 et
249 728 355 807 perito,
371 727 420 788 cui
434 727 509 787 nihil
523 747 619 806 oeque
633 727 665 786 in
679 727 776 787 causis
786 726 915 808 ¹agendis
929 735 964 787 ut

30 826 193 895 sbreuitas
217 825 323 905 placet.
367 845 457 904 quam
480 845 536 906 ego
560 824 788 886 custodiendam
811 845 875 886 esse
897 831 994 886 con-2

57 925 155 997 fiteor‚
179 924 204 983 si
228 943 317 983 causa
340 923 515 1002 permittat:
545 922 658 1001 alioqui
679 923 895 1002 praeuaricatio
918 930 964 983 est

58 1022 188 1083 transire
226 1021 360 1095 dicende,
396 1021 614 1100 praeuaricatio
653 1021 745 1081 etiem
783 1020 894 1081 cursim
933 1028 964 1082 et

57 1120 193 1180 breuiter
221 1119 371 1200 attingere
395 1139 473 1198 quae
497 1119 559 1179 sint
586 1117 770 1192 inculcando,
800 1117 961 1199 infigenda,

56 1217 231 1298 repetenda.
295 1238 366 1277 nam
399 1217 549 1297 plerisque
584 1216 718 1297 longiore
749 1222 882 1276 tractatu
916 1216 992 1278 uis3

12 1338 44 1376 ιο
57 1315 208 1397 quaedem
222 1324 252 1376 et
266 1315 384 1396 pondus
398 1315 521 1389 accedit,
543 1323 637 1394 utque
652 1314 768 1394 corpori
783 1314 905 1388 ferrum,
922 1314 963 1375 sic

57 1414 156 1475 oratio
170 1413 270 1474 animo
284 1433 344 1474 non
358 1413 421 1474 ictu
435 1413 531 1494 magis
546 1432 636 1491 quum
650 1432 735 1472 mora
748 1413 940 1491 imprimitur.

100 1511 160 1572 Hic
187 1510 238 1571 ille
265 1531 383 1572 mecum
410 1509 641 1571 auctoritatibus
669 1509 733 1590 agit
761 1530 795 1571 ao
822 1510 897 1570 mihi
926 1516 993 1572 cxl

57 1608 182 1671 Graecis
197 1609 346 1670 orationes
359 1608 469 1688 Lysiee
483 1615 624 1681 ostentat,
642 1628 680 1668 ex
693 1607 804 1669 nostris
818 1607 964 1669 Graccho

57 1729 127 1768 rum
145 1706 335 1786 Catonisque,
351 1727 479 1785 quorum
498 1726 569 1766 sone
587 1705 734 1784 plurimae
753 1713 825 1767 sunt
842 1707 964 1767 circum-

17 1824 26 1862 ι
31 1823 44 1875 5
58 1807 137 1868 cisse
152 1813 183 1866 et
197 1805 320 1866 breues:
337 1825 392 1885 ego
406 1804 516 1884 Lysiae
530 1803 764 1877 Demosthenen,
781 1804 962 1886 Aeschinen,

58 1902 247 1983 Hyperiden,
262 1901 434 1981 multosque
454 1910 618 1982 praeterea,
639 1901 781 1962 Gracchis
804 1909 836 1962 et
856 1901 964 1964 Catoni

58 2002 234 2074 Pollionem,
251 2000 416 2074 Caesarem,
433 1999 576 2073 Caelium,
593 2000 625 2059 in
646 2000 751 2079 primis
772 1999 815 2060 M.
831 1999 964 2060 Tullium
994 2039 997 2042 -

58 2121 187 2182 oppono,
203 2100 287 2160 cuius
302 2099 398 2160 oratio
412 2099 527 2178 optima
541 2098 639 2159 fertur
653 2118 717 2158 esse
732 2117 809 2176 quae
823 2097 962 2158 maxima.

59 2207 91 2259 et
105 2196 226 2259 hercule
240 2204 275 2257 ut
289 2197 364 2257 aliae
378 2197 473 2257 honae
487 2216 535 2257 res
548 2196 593 2256 ita
607 2196 702 2255 bonus
717 2195 793 2255 liber
803 2194 909 2255 melior
919 2202 965 2255 est

17 2295 186 2374 aequisque
203 2314 263 2373 quo
277 2294 379 2355 maior.
423 2293 508 2355 uides
523 2301 558 2353 ut
572 2301 696 2366 statuas,
713 2293 806 2374 signa,
823 2293 994 2373 pictures‚5

60 2393 217 2454 hominum
240 2391 369 2471 denique
395 2392 620 2471 multorumque
645 2391 819 2451 animalium
843 2392 963 2464 formos,

61 2491 202 2552 arborum
229 2491 328 2565 etiem,
352 2491 377 2550 si
405 2490 494 2551 modo
522 2490 584 2551 sint
611 2488 744 2564 decorae,
770 2490 846 2549 nihil
869 2490 965 2570 magis

61 2611 152 2670 quem
162 2589 537 2669 amplitudocommendet.
569 2588 650 2649 idem
659 2589 844 2650 orationibus
853 2589 963 2661 euenit,

61 2689 135 2768 quin
157 2688 249 2750 etiem
271 2688 475 2749 uoluminibus
492 2687 564 2767 ipsis
583 2687 795 2748 auctoritatem
814 2686 965 2766 quandem

17 2800 47 2854 25
61 2795 92 2848 et
106 2785 361 2866 pulchritudinem
375 2785 467 2846 adicit
480 2784 666 2866 magnitudo.

27 2898 30 2906 '
101 2883 185 2946 Haec
213 2884 264 2944 ille
288 2884 444 2962 multaque
468 2882 528 2942 alic
552 2903 629 2961 quae
657 2903 675 2942 a
702 2903 750 2943 me
778 2882 810 2942 in
839 2883 995 2947 eandemd

59 2982 242 3044 sententiam
257 2982 354 3042 solent
368 2980 434 3054 dici,
451 2988 486 3040 ut
501 2981 592 3041 estin
607 2980 789 3060 disputando
803 2980 966 3061 incompre

94 3136 135 3180 18
151 3132 168 3182 6
184 3131 325 3196 permittet
341 3135 430 3181 Brona
445 3130 579 3195 permittit
594 3129 615 3180 f
653 3131 668 3179 8
690 3129 746 3180 sint
762 3134 856 3182 Erote.
869 3130 970 3182 sunt?

60 3213 115 3264 md.
129 3212 224 3264 Drmd.
263 3213 293 3264 19
310 3212 403 3263 melior
412 3217 454 3263 est
464 3213 576 3282 quisque
587 3217 626 3267 Bu
637 3214 753 3285 quisque
764 3215 865 3268 mehor
876 3219 924 3267 esu
931 3219 996 3266 'iou

60 3296 94 3344 20
103 3295 222 3359 pictum
230 3294 363 3345 hommum
375 3294 552 3367 deorumque,
566 3302 736 3357 enirnelium
747 3302 911 3358 mecm
