2250 3698
139 230 192 288 69.
213 231 325 294 (11111)
392 230 594 283 EPISTVLAE
611 231 801 284 sntue'rAn.
1001 234 1046 286 131

140 377 301 458 appellant,
318 384 450 456 tangunt
471 378 564 438 etiam
582 381 826 458 pertrectantque
843 379 1045 465 praebentem.

140 477 247 537 crescit
260 473 385 537 audacia
395 476 611 556 experimento.
641 477 771 537 maxime
781 497 857 556 puer
867 478 919 556 qui
933 478 1047 556 primus

141 582 282 654 expertus
301 580 348 636 est
368 573 495 635 adnatat
517 575 610 649 nanti,
626 574 723 635 insilit
736 584 831 656 tergo,
847 576 945 637 fertur
958 576 1048 637 refor-

140 680 259 752 turque,
281 673 402 752 agnosci
427 693 467 747 se,
489 674 584 734 amari
607 681 704 753 putat,
727 682 810 735 amat
833 674 914 754 ipse:
940 682 1047 735 neuter

113 782 127 836 5
140 771 235 845 timet,
247 780 354 832 neuter
365 771 507 832 timetur:
524 772 613 833 huius
623 772 740 845 fiducia,
751 772 952 834 mansuetudo
965 771 1047 832 illius

138 877 276 950 augetur.
319 890 373 930 neo
395 890 457 930 non
478 869 530 930 alii
555 871 640 951 pueri
662 871 771 932 dextra
792 870 938 950 laeuaque
958 870 1046 931 simul
1076 875 1094 934 7

140 976 214 1028 1111
238 969 393 1028 hortantes
417 977 643 1048 monentesque.
685 969 750 1030 ibat
773 990 835 1030 una
859 969 904 1050 (id
928 988 1047 1047 quoque

140 1067 263 1148 mirum)
284 1066 445 1146 delphinus
466 1067 550 1141 alius,
572 1075 692 1127 tantum
714 1076 866 1147 spectator
887 1075 918 1128 et
938 1087 1067 1128 comes,

139 1165 215 1225 nihil
244 1165 324 1226 enim
348 1166 445 1227 simile
469 1173 523 1226 eut
550 1165 681 1226 faciebat
705 1174 759 1225 aut
787 1164 967 1244 patiebatur,
994 1164 1047 1225 sed

96 1285 127 1323 ιο
139 1263 269 1325 alterum
289 1263 376 1324 illum
396 1263 533 1336 ducebat,
555 1263 728 1337 reducebat,
751 1271 787 1323 ut
807 1283 935 1342 puerum
956 1263 1047 1325 ceteri

140 1363 233 1442 pueri.
276 1361 459 1435 incredibile,
483 1369 546 1422 tam
567 1382 673 1422 uerum
698 1370 800 1422 tamen
823 1381 914 1440 quam
937 1361 1045 1440 priora,
1076 1367 1094 1426 8

140 1460 317 1539 delphinum
343 1468 528 1540 gestatorem
559 1459 796 1538 collusoremque
825 1479 988 1539 puerorum
1015 1459 1047 1519 in

140 1566 253 1619 terram
266 1572 385 1636 quoque
406 1558 525 1619 extrahi
546 1558 677 1632 solitum,
693 1559 872 1637 harenisque
893 1559 1045 1632 siccatum,

141 1657 192 1717 ubi
213 1656 394 1730 incaluisset,
417 1656 449 1716 in
470 1677 552 1717 mare
573 1657 698 1718 reuolui.
723 1665 862 1718 constat
885 1656 1047 1718 Octauium
1075 1659 1093 1719 3

96 1764 127 1818 15
140 1755 276 1828 Auitum,
289 1754 424 1835 legatum
438 1755 631 1833 proconsulis,
645 1756 677 1816 in
691 1755 764 1816 litus
779 1755 887 1816 educto
901 1755 1047 1836 religione

139 1873 234 1933 praua
247 1853 451 1932 superfudisse
465 1862 663 1933 unguentum,
680 1854 764 1915 ouius
778 1853 865 1913 illum
878 1854 1047 1914 nouitatem

139 1950 322 2029 odoremque
343 1952 374 2011 in
396 1952 492 2012 altum
512 1952 667 2032 refugisse,
690 1972 744 2012 neo
765 1952 823 2011 nisi
845 1960 915 2031 post
935 1951 1047 2012 multos

139 2049 204 2110 dies
219 2050 317 2110 uisum
332 2049 509 2130 languidum
531 2059 562 2110 et
579 2058 735 2122 maestum,
751 2069 823 2109 mox
837 2049 964 2109 redditis
978 2048 1048 2108 uiri·

139 2147 196 2208 bus
216 2147 347 2226 priorem
368 2148 522 2209 lasciuiam
543 2157 575 2208 et
597 2147 686 2208 solita
706 2147 873 2207 ministeria
892 2146 1045 2226 repetisse.

93 2261 128 2299 20
140 2245 332 2307 confluebant
351 2245 390 2306 ad
411 2246 615 2325 spectaculum
634 2266 737 2307 omnes
758 2247 961 2327 magistratus,
978 2251 1094 2324 quo10

139 2365 208 2404 rum
222 2344 357 2406 aduentu
374 2353 406 2405 et
419 2365 503 2405 mora
524 2345 641 2406 modica
661 2366 708 2406 res
729 2345 850 2425 publica
868 2345 955 2406 nouis
970 2365 1048 2406 surn-

140 2443 242 2522 ptibus
253 2443 450 2504 atterebatur.
486 2451 638 2522 postremo
649 2443 732 2504 locus
743 2445 807 2523 ipse
819 2444 952 2522 quietem
962 2464 1047 2504 suam

140 2550 347 2620 secretumque
374 2541 528 2621 perdebat.
572 2541 686 2622 placuit
713 2541 828 2603 occulte
852 2543 981 2604 interfici
1007 2541 1047 2603 ad

140 2638 223 2719 quod
236 2641 380 2702 coibatur.

142 2833 154 2881 l
178 2832 348 2898 praebentem
364 2848 382 2884 1
398 2837 568 2900 praeeuntem
586 2849 602 2886 o
619 2837 773 2900 pereuntem
794 2846 814 2883 u
832 2831 1002 2898 praebentem
1019 2847 1048 2882 ae

140 2915 284 2966 Mommsen
317 2918 333 2968 3
348 2917 461 2968 adnatat
474 2919 551 2968 11111
564 2917 649 2967 insilit
660 2931 678 2967 1
689 2916 829 2968 cunctanti
846 2915 1048 2978 (1(1-1111111111

140 3013 202 3062 ergo
213 3011 247 3050 ou
258 2997 399 3050 adnatanti
410 3001 506 3051 insiliit
513 3005 588 3066 tergo
600 2999 621 3051 f
629 2999 741 3058 adnatat
752 2999 866 3061 natanti,
876 2997 961 3050 insilit
973 3003 1048 3063 tergo

108 3082 112 3088 '
142 3079 243 3130 Cortice
262 3081 415 3148 adnatantis
435 3084 521 3134 insilit
540 3089 615 3149 tergo
632 3083 774 3133 Siclardaa
816 3083 846 3132 10
869 3080 1012 3132 reducebat
1030 3093 1048 3129 1

140 3162 334 3228 reducebatque
351 3179 386 3215 on
426 3168 456 3216 15
473 3164 637 3231 proconsulis
654 3163 689 3215 fa
704 3180 816 3230 ·procon
831 3188 836 3200 ·
851 3177 885 3214 ou
926 3163 956 3214 17
972 3160 1047 3210 odor·

141 3259 234 3310 emque
246 3253 414 3310 aspernatum
426 3248 454 3297 in
465 3248 550 3298 altum
561 3246 621 3300 Keil
654 3247 689 3300 20
703 3247 739 3299 ad
748 3245 940 3314 spectaculum
947 3253 1075 3292 omnesa.

137 3341 225 3374 omres
234 3327 270 3375 ad
279 3331 461 3392 spectaculum
473 3345 509 3384 cu
544 3334 578 3386 23
597 3333 708 3387 occulte
719 3348 760 3388 ou
770 3336 880 3387 acerete
891 3344 915 3382 e.
