2250 3698
146 235 200 300 st.
218 237 319 306 (11.17)
393 234 595 294 arrsrvnsn
616 236 806 295 annnorum.
1021 239 1054 294 es

147 389 262 470 frangit
282 396 315 450 et
335 389 410 449 finit.
453 389 527 449 haec
545 388 717 449 iucunditas
740 389 803 450 eius
827 389 935 463 hieme,
958 389 1054 449 maior

147 495 271 549 aestate.
314 508 385 547 nam
398 494 470 547 ante
486 486 644 547 meridiem
664 495 797 566 xystum,
812 496 881 567 post
897 487 1053 548 meridiem
1066 490 1100 550 1⁸

147 585 324 668 gestationis
352 585 493 663 hortique
523 585 692 664 proximam
720 593 838 665 partem
866 585 972 645 umbra
1000 605 1054 645 sua

148 691 304 763 temperat,
318 702 402 761 quae,
416 690 452 742 ut
461 681 526 743 dies
536 682 633 743 creuit
643 681 824 756 decreuitue,
834 683 924 743 modo
933 683 1054 744 breuior

119 781 237 857 smodo
257 781 376 862 longior
396 780 451 842 hac
472 779 521 840 uel
542 779 594 840 illa
615 780 703 841 cadit.
757 781 822 861 ipsa
842 801 914 841 uero
936 789 1054 860 crypto
1066 778 1099 837 1e

148 880 281 960 porticus
308 887 375 939 tum
396 878 527 939 maxime
547 885 630 938 caret
651 877 720 954 sole,
737 898 805 939 cum
826 877 1054 939 ardentissimus

148 978 271 1039 culmini
294 977 358 1038 eius
386 976 507 1037 insistit.
564 976 605 1036 ad
631 976 688 1038 hoc
712 977 887 1057 patentibus
914 974 1054 1037 fenestris

148 1076 284 1138 favonios
312 1075 420 1154 accipit
450 1074 700 1153 transmittitque,
731 1095 786 1136 nec
819 1095 952 1153 unquam
986 1079 1054 1134 ae're

148 1175 234 1255 pigro
249 1182 280 1234 et
294 1182 434 1234 manente
449 1172 639 1253 ingrauescit.

104 1292 137 1332 ro
189 1271 225 1334 In
235 1272 333 1352 capite
343 1271 434 1351 xysti,
445 1271 584 1349 deinceps
594 1269 842 1350 cryptoporticus,
853 1270 941 1343 horti,
954 1264 1101 1330 diaetam

149 1377 203 1443 est,
219 1389 334 1430 amores
345 1369 424 1429 mei:
447 1388 479 1429 re
494 1388 567 1428 uera
583 1387 717 1428 amores:
739 1367 803 1448 ipse
816 1367 911 1447 posui.
953 1368 985 1427 in
999 1368 1055 1428 hac

148 1467 361 1529 heliocaminus
389 1465 512 1545 quidem
540 1465 600 1525 alia
626 1473 752 1545 xystum
780 1465 839 1525 alia
865 1486 948 1526 mare
975 1474 1055 1526 utra·

148 1586 208 1644 que
230 1565 330 1638 solem,
354 1563 524 1625 cubiculum
545 1571 648 1624 autem
668 1562 766 1624 ualuis
787 1564 1052 1644 cryptoporticum,

148 1663 281 1740 fenestra
308 1661 452 1742 prospicit
480 1681 570 1722 mare.
617 1669 721 1722 contra
749 1662 894 1741 parietem
921 1661 1054 1721 medium
1067 1659 1099 1717 21

105 1777 136 1832 rs
149 1762 272 1822 zotheca
285 1780 430 1841 perquam
449 1759 602 1840 eleganter
622 1759 744 1834 recedit,
760 1780 837 1838 quas
852 1759 1055 1840 specularibus
1068 1834 1069 1838 Ἰ

149 1869 181 1922 et
203 1861 277 1921 uelis
299 1859 436 1920 obductis
460 1858 631 1919 reductisue
655 1858 745 1919 modo
766 1858 897 1919 adicitur
918 1857 1055 1919 cubiculo

149 1958 238 2020 modo
263 1959 407 2019 aufertur.
450 1956 562 2018 lectum
587 1965 618 2017 et
641 1957 716 2017 duas
738 1956 896 2017 cathedras
917 1957 1015 2036 capit:
1037 1977 1055 2016 a

149 2056 275 2137 pedibus
289 2076 379 2129 mare,
392 2077 410 2115 a
423 2063 510 2136 tergo
524 2054 621 2128 uillae,
634 2075 652 2115 a
666 2054 764 2134 capite
778 2053 888 2114 siluae:
903 2062 951 2114 tot
964 2054 1055 2114 facies

149 2154 281 2215 locorum
309 2154 438 2215 totidem
465 2153 605 2215 fenestris
633 2161 665 2212 et
692 2151 854 2232 distinguit
882 2159 913 2212 et
940 2151 1052 2212 miscet.

104 2254 285 2314 seiunctum
308 2262 355 2314 est
376 2251 546 2313 cubiculum
569 2251 666 2312 noctis
691 2258 723 2310 et
748 2250 852 2311 somni.
896 2270 956 2310 non
979 2247 1103 2311 illudm

150 2371 237 2412 uoces
251 2349 447 2423 seruulorum,
463 2369 524 2410 non
545 2349 635 2409 maris
657 2369 801 2422 murmur,
817 2369 878 2409 non
896 2338 1055 2428 tempesta-

149 2458 216 2510 tum
230 2458 338 2522 motus,
354 2468 414 2509 non
428 2447 584 2529 fulgurum
605 2447 707 2508 lumen
725 2467 760 2508 ac
779 2467 817 2508 ne
831 2446 911 2507 diem
932 2446 1055 2525 quidem

149 2548 251 2620 sentit,
280 2546 338 2608 nisi
365 2547 505 2608 fenestris
532 2546 652 2627 apertis.
712 2553 776 2605 tam
810 2544 864 2605 alti
899 2544 1054 2622 abditique

149 2646 256 2708 secreti
276 2646 329 2706 illa
348 2645 435 2718 ratio,
460 2645 543 2724 quod
567 2644 745 2705 interiacens
768 2643 884 2704 andron
909 2642 1054 2723 parietem

105 2762 136 2816 25
149 2744 278 2806 cubiculi
299 2744 440 2823 hortique
456 2743 617 2824 distinguit
638 2751 730 2821 atque
744 2742 789 2803 ita
812 2761 931 2802 omnem
948 2761 1054 2801 sonum

150 2844 249 2904 media
269 2843 415 2904 inanitate
440 2841 596 2902 consumit.
649 2840 825 2920 applicitum
848 2847 894 2900 est
919 2837 1100 2899 cubiculott

100 2985 104 2992 -
149 2943 357 3022 hypocauston
392 2940 599 3020 perexiguum,
635 2937 716 3016 quod
757 2945 885 3018 angusta
922 2935 1055 2998 fenestra

150 3039 338 3121 suppositum
353 3037 489 3109 calorem,
505 3044 540 3096 ut
561 3035 639 3095 ratio
660 3034 763 3116 exigit,
780 3043 834 3095 aut
854 3034 982 3096 effundit
1001 3041 1055 3093 aut

150 3138 269 3199 retinet.
313 3144 474 3216 procoeton
497 3133 568 3194 inde
591 3141 622 3193 et
645 3131 815 3193 cubiculum
836 3132 1001 3212 porrigitur
1022 3130 1055 3190 in

220 3353 239 3402 6
255 3356 311 3401 tum
323 3355 373 3402 MV
384 3357 451 3405 tunc
462 3357 559 3407 Meua
590 3355 627 3408 28
645 3351 844 3422 exigimus».
853 3347 1008 3414 exeghtm
