2250 3698
81 239 135 300 85,
153 241 213 305 (ΙΧ.
226 242 267 306 19)
330 243 532 296 EPISTVLAE
550 244 741 299 suLucrAE.
942 248 988 299 lau

80 387 259 450 relationem
286 389 409 468 quidem
436 391 475 452 de
499 411 534 453 eo
563 390 672 452 Caesar
699 391 738 452 ad
766 400 903 453 senatum
927 413 987 454 non

80 487 214 549 remisit:
236 488 354 549 obtinui
366 496 468 550 tamen
479 490 560 568 quod
571 490 777 566 intenderam
795 511 865 551 nam
875 490 989 572 collega
1000 495 1034 552 23

81 584 167 646 Certi
186 586 384 662 consulatum,
401 607 599 648 successorem
618 587 726 650 Certus
745 589 867 667 accepit,
889 589 989 668 plane·

81 703 140 761 que
161 683 275 744 factum
296 692 342 745 est
363 685 444 764 quod
465 685 601 747 dixeram
621 687 654 746 in
674 688 741 759 fine,
760 686 886 747 ‘reddat
906 707 989 766 prae·

53 791 68 849 5
80 781 175 841 mium
190 782 245 841 sub
259 783 374 862 optimo
388 784 523 863 principe
538 784 618 862 quod
633 805 651 844 a
664 785 793 865 pessimo
807 785 939 863 aceepit’

121 879 232 941 Postea
248 881 397 941 actionem
414 901 519 954 meam,
539 890 704 963 utcumque
723 883 817 963 potui,
837 883 985 964 recollegi,

80 977 185 1039 addidi
206 977 309 1039 multa.
361 979 470 1040 accidit
497 981 664 1054 fortuitum,
688 981 740 1041 sed
761 1001 821 1042 non
843 988 987 1061 tanquam
1000 987 1033 1045 24

79 1076 249 1149 fortuitum,
265 1076 346 1154 quod
361 1077 450 1137 editis
469 1077 553 1138 libris
571 1077 679 1139 Certus
697 1080 778 1139 intra
794 1080 988 1158 paucissimos

79 1174 145 1236 dies
172 1174 337 1253 implicitus
364 1175 470 1236 morbo
497 1174 632 1237 decessit.
690 1177 794 1237 audiui
824 1177 987 1239 relerentes
1000 1181 1033 1240 25

37 1286 68 1326 ιο
81 1273 158 1334 hanc
171 1273 332 1352 imaginem
346 1274 442 1335 menti
457 1274 528 1348 eius,
544 1274 621 1334 hane
635 1273 728 1334 oculis
748 1274 908 1350 oberrasse,
925 1284 988 1336 tan-

80 1390 172 1450 quam
192 1371 311 1432 uideret
331 1392 380 1433 me
401 1372 458 1432 sibi
479 1391 548 1432 cum
568 1371 648 1432 ferro
669 1371 832 1432 imminere.
877 1392 988 1435 ueraue

80 1469 154 1530 haec
167 1469 326 1530 adfirmare
339 1490 401 1530 non
416 1470 532 1545 ausim,·
551 1470 678 1532 interest
692 1477 794 1531 tamen
809 1471 939 1550 exempli
952 1480 988 1532 ut

81 1586 154 1627 uera
170 1567 338 1628 uideantur.

123 1664 224 1726 Habea
239 1666 407 1744 epistulam,
424 1666 449 1725 si
463 1665 587 1727 modum
601 1665 748 1744 epistidae
767 1668 887 1748 cogites,
903 1667 987 1728 libris
1000 1672 1033 1730 26

38 1775 68 1830 ις
82 1782 157 1840 quos
180 1762 281 1841 legisti
302 1784 363 1824 non
385 1765 550 1841 minorem;
583 1764 635 1825 sed
659 1766 823 1844 imputabis
847 1766 912 1841 tibi,
935 1766 988 1846 qui

81 1868 242 1922 contentus
255 1860 339 1922 libris
354 1861 523 1930 nonfuisti.
565 1862 641 1925 uale.

431 2169 484 2227 65.
518 2170 578 2233 (ΙΧ.
594 2171 646 2233 19.)

293 2285 322 2339 0.
342 2285 490 2338 PLINIVS
508 2286 645 2339 RVSONI
662 2286 729 2338 SVO
746 2286 772 2338 S.

122 2419 277 2501 Significas
292 2421 398 2503 legisse
413 2429 444 2482 te
458 2422 490 2481 in
504 2421 635 2500 quadam
650 2421 779 2502 epistula
789 2441 856 2484 mee
866 2421 986 2484 iussisse
1016 2432 1031 2490 1

35 2547 68 2585 no
80 2519 260 2601 Verginium
274 2518 389 2581 Rufum
402 2519 524 2589 inscribi
539 2518 674 2598 sepulcro
689 2540 752 2593 suo,

129 2617 189 2679 Hic
203 2618 279 2678 situs
293 2625 340 2678 est
354 2617 460 2691 Rufus,
476 2617 563 2696 pulso
578 2617 630 2694 qui
645 2616 772 2678 Vindice
786 2615 937 2695 quondam

169 2715 330 2796 imperium
343 2716 478 2777 adseruit
492 2735 553 2776 non
568 2714 625 2775 sibi
640 2714 693 2775 sed
707 2715 830 2794 patriae.

80 2815 274 2894 reprehendis
289 2815 370 2894 quod
391 2814 520 2888 iusserit,
537 2814 624 2875 addis
639 2814 731 2875 etiam
745 2812 852 2874 melius
866 2813 988 2876 rectius-

81 2932 140 2992 que
160 2913 349 2989 Frontinum,
369 2913 451 2994 quod
472 2913 605 2975 uetuerit
625 2913 748 2975 omnino
768 2912 987 2975 monimentum

83 3094 112 3142 ll
131 3092 236 3143 uideret
249 3109 290 3144 me
305 3093 356 3144 sibi
371 3110 430 3145 cum
446 3093 516 3144 ferro
531 3092 668 3144 imminere
678 3098 705 3143 Η
715 3092 820 3144 uideret
831 3092 988 3144 Heluidium

81 3175 239 3241 respondere
251 3177 317 3228 mihi
328 3191 379 3229 oua

115 3265 154 3308 ee
180 3260 210 3309 ls
233 3259 341 3311 Rvsour
358 3274 375 3310 a
396 3259 439 3322 (ci.
462 3272 502 3310 vr.
523 3261 565 3310 23.
587 3262 612 3322 2,
633 3260 659 3324 tl
679 3257 790 3310 maome
802 3255 970 3308 mutuom
983 3267 1003 3302 a

75 3339 178 3389 Ruteni
188 3354 205 3388 u
237 3342 272 3392 20
291 3341 449 3408 Verginium
462 3356 479 3396 e
490 3342 648 3415 Vergiuum
657 3358 679 3398 a
688 3337 925 3413 uugiuiumhi
