2250 3698
141 240 194 306 tt.
213 239 286 312 (vu
296 247 341 311 aot
390 205 798 302 commissamque.
999 238 1043 296 101

139 396 278 459 soluendi
292 403 431 477 tempora
448 395 609 476 supersint
639 377 684 462 iu
673 390 735 455 b
725 414 751 459 s
772 413 854 454 eram
874 392 960 467 curis,
977 411 1045 453 cum
1057 390 1089 448 11

139 495 300 557 scriberem
323 494 363 556 ad
388 501 441 571 te;
470 495 593 574 quassi
617 478 702 554 deut
714 479 855 589 aliquis
846 512 879 552 111
900 490 1045 573 gaudium

139 593 276 668 uerterit,
288 592 328 655 de
341 603 426 655 metu
439 612 500 655 non
515 612 631 673 querar
674 586 798 697 ιιεῐεζὶ,

446 834 499 891 51·
534 834 607 898 (VII.
621 835 675 898 20.)

111 954 125 1007 5
357 951 385 1003 G.
405 950 553 1002 PLINIVS
570 949 700 1003 ΤΑΟΙΤΟ
717 948 868 1001 δνθδη,
935 980 942 996 ,

179 1066 306 1128 Librum
335 1075 423 1127 tuum
447 1067 507 1148 legi
535 1073 566 1127 et
590 1087 681 1145 quam
705 1043 944 1155 diligentissime
958 1072 1012 1159 pot
1012 1065 1044 1125 ui
1073 1069 1089 1126 1

137 1165 282 1226 adnotaui
294 1185 371 1243 quae
382 1164 603 1237 commutanda,
616 1184 692 1244 quac
703 1164 863 1224 eximenda
873 1164 1042 1225 arbitrarer.

138 1271 255 1325 namet
270 1283 325 1344 ego
340 1283 446 1324 uerum
457 1263 556 1325 dicere
566 1262 692 1324 adsumi
703 1270 735 1324 et
745 1269 781 1322 tu
791 1261 920 1323 libenter
930 1250 1050 1330 audires

138 1362 331 1442 nequeenim
345 1361 400 1422 ulli
419 1361 584 1441 patientius
605 1359 868 1441 reprehenduntur
885 1379 976 1439 quam
993 1342 1086 1440 qui·

96 1476 126 1514 ¹0
138 1460 269 1520 maxime
283 1459 400 1520 laudari
414 1467 577 1521 merentur.
718 1522 722 1531 ⁴

180 1558 269 1619 Nunc
288 1578 306 1618 a
324 1565 356 1619 te
376 1557 486 1618 librum
508 1577 608 1618 meum
629 1577 697 1618 cum
718 1556 962 1618 adnotationibus
983 1557 1044 1617 tuis
1073 1562 1091 1618 2

138 1663 288 1736 exspecto.
339 1675 357 1716 o
379 1655 532 1730 iucundas,
556 1675 575 1716 o
599 1655 738 1735 pulchras
759 1655 856 1717 uices!
885 1674 975 1734 quam
997 1675 1045 1715 me

138 1753 269 1816 delectat
280 1753 368 1839 quod,
382 1754 407 1814 si
418 1774 478 1834 qua
489 1754 617 1833 posteris
631 1774 703 1815 cura
713 1754 817 1826 nostri,
829 1772 1045 1833 usquequaque

139 1853 310 1913 narrabitur
324 1872 384 1931 qua
398 1851 564 1926 concordia,
578 1851 779 1931 simplicitate,
791 1850 850 1912 fide
865 1851 1043 1912 uixerimus!

95 1964 124 2019 ις
138 1951 197 2012 erit
211 1969 313 2010 rarum
332 1958 363 2010 et
382 1949 500 2029 insigne
519 1949 595 2010 duos
616 1949 752 2010 homines
772 1956 880 2024 aetate,
896 1949 1045 2030 dignitate
1072 1953 1090 2010 3

137 2047 355 2129 propemodum
369 2047 517 2127 aequales,
534 2068 595 2109 non
615 2047 727 2108 nullius
744 2048 776 2106 in
791 2047 901 2108 litteris
916 2047 1045 2108 nominis

138 2148 242 2228 (cogor
256 2146 336 2206 enim
349 2145 387 2207 de
402 2154 433 2206 te
450 2136 573 2225 quoque>
590 2145 709 2225 parcius
727 2145 833 2219 dicere,
850 2146 921 2224 quia
940 2145 979 2207 de
997 2165 1045 2206 mc

138 2243 227 2304 simul
241 2243 330 2322 dico),
346 2244 475 2306 alterum
489 2244 614 2305 alterius
629 2243 731 2305 studia
744 2245 862 2306 fouisse.
906 2243 1045 2324 equidem
1072 2245 1091 2302 4

137 2341 390 2416 adulescentulus,
412 2363 481 2404 cum
503 2343 563 2403 iam
585 2350 620 2404 tu
640 2341 720 2403 fama
739 2342 893 2423 gloriaque
914 2343 1043 2416 floreres,

93 2461 126 2500 20
138 2448 170 2502 te
184 2441 277 2521 sequi,
293 2441 350 2502 tibi
368 2441 473 2521 ‘longo
494 2440 547 2501 sed
568 2440 724 2522 proximus
743 2441 920 2504 interuallo'
935 2449 967 2503 et
981 2461 1045 2503 esse

138 2547 170 2601 et
189 2539 292 2601 haberi
311 2540 564 2620 concupiscebam.
607 2548 639 2600 et
660 2547 745 2600 erant
766 2540 862 2601 multa
882 2540 1049 2602 clarissima-

137 2638 260 2720 ingenia
268 2660 277 2714 ;
299 2638 351 2699 sed
365 2647 400 2699 tu
419 2638 494 2698 mihi
514 2638 570 2719 (ita
587 2637 752 2699 similitudo
771 2646 897 2699 naturae
915 2638 1045 2717 ferebat)

138 2737 269 2798 maxime
283 2736 445 2811 imitabilis,
462 2737 593 2797 maxime
607 2736 772 2797 imitandus
786 2736 945 2798 uidebaris.
985 2756 1045 2815 quo
1073 2735 1091 2793 t

138 2837 233 2917 magis
257 2836 375 2917 gaudeo
399 2836 540 2916 qu0d‚'si
567 2836 633 2915 quis
658 2835 696 2896 de
721 2835 829 2896 studiis
853 2855 960 2908 sermo,
985 2856 1046 2897 una

93 2951 124 3007 ²5
139 2935 337 3009 nominamur,
360 2934 440 3013 quod
462 2934 500 2994 de
521 2941 552 2994 te
573 2933 766 3013 loquentibus
788 2933 891 2994 statim
912 2954 1042 2997 occurro.

138 3054 193 3096 nec
217 3033 331 3094 desunt
350 3034 403 3113 qui
427 3032 548 3113 utrique
573 3041 710 3094 nostrum
730 3033 945 3113 praeferantur.
992 3034 1045 3094 sed
1074 3027 1092 3086 6

138 3152 202 3206 nos,
219 3132 294 3193 nihil
308 3131 435 3192 interest
449 3151 515 3192 mea
529 3150 590 3211 quo
604 3130 677 3204 loco,
692 3131 865 3212 iungimur;
886 3153 956 3192 nam
970 3130 1045 3191 mihi

173 3271 210 3314 u
228 3264 260 3319 27
277 3280 338 3314 narn
349 3264 414 3314 mihi
428 3264 528 3329 primus
539 3262 586 3329 qui
600 3280 617 3315 a
633 3267 662 3317 te
677 3278 696 3318 a
709 3281 776 3318 uam
789 3265 862 3320 mibi
875 3266 987 3335 primus
1001 3264 1070 3324 tcta

131 3347 181 3409 qui
187 3362 204 3394 a
216 3348 253 3405 te)
262 3349 293 3394 Π
298 3361 360 3395 narn
371 3345 400 3395 in
411 3345 463 3396 boc
472 3347 581 3413 primus
591 3349 660 3417 quia
670 3354 703 3404 te
714 3365 754 3406 ou
