2250 3698
132 213 186 271 41.
203 211 264 278 (VI.
273 213 301 275 2)
380 211 581 264 EPISTVLAE
604 211 793 264 subuertit.
1010 215 1039 265 81

482 662 618 728 LIBER
645 663 702 730 VI

503 918 555 974 41.
590 917 649 980 (VI.
663 919 701 981 2.)

274 1081 276 1086 f
321 1052 351 1105 0.
377 1051 524 1105 PLINIVS
546 1052 715 1105 ARRIANO
737 1052 807 1104 SVO
828 1053 854 1106 S.

174 1202 264 1265 Soleo
285 1223 346 1264 non
367 1222 522 1281 nunquam
543 1203 575 1262 in
589 1201 707 1263 iudiciis
722 1222 865 1281 quaerere
887 1201 930 1263 M.
946 1195 1072 1284 Regu-1

105 1303 206 1376 Slum,
222 1302 292 1363 nolo
307 1302 388 1362 enim
408 1301 514 1375 dicere,
531 1300 710 1363 desiderare.
754 1321 808 1362 cur
829 1320 900 1381 ergo
914 1305 1045 1379 quaerol

133 1401 265 1462 habebat
280 1400 389 1461 studiis
403 1400 554 1472 honorem,
571 1399 707 1474 timebat,
728 1399 867 1479 pallebat,
885 1401 1041 1475 scribebat,
1056 1411 1073 1468 2

135 1499 273 1578 quamuis
305 1518 366 1557 non
393 1505 495 1576 posset
523 1496 661 1559 ediscere.
713 1497 789 1558 illud
824 1499 932 1577 ipsum,
962 1499 1043 1578 quod

134 1595 254 1657 oculum
268 1596 358 1656 modo
372 1595 515 1655 dextrum
529 1594 619 1656 modo
634 1596 791 1657 sinistrum
806 1597 1040 1673 circumlinebat,

133 1693 284 1766 dextrum,
301 1693 327 1752 si
347 1713 365 1753 a
385 1693 523 1772 petitore,
539 1692 677 1768 alterum,
694 1694 719 1754 si
740 1715 758 1754 a
779 1714 948 1773 possessore
965 1703 1044 1757 esset

95 1805 123 1843 ¹0
133 1802 263 1863 acturus,
281 1790 361 1869 quod
376 1790 538 1851 candidum
560 1791 708 1871 splenium
724 1792 755 1851 in
770 1791 826 1853 hoc
841 1801 894 1853 aut
914 1794 947 1854 in
967 1793 1044 1855 illud

134 1890 326 1971 supercilium
356 1887 565 1963 transferebat,
602 1889 684 1968 quod
720 1910 838 1969 semper
872 1891 1044 1972 haruspices

133 1989 309 2051 consulebat
329 1987 367 2048 de
388 1987 515 2048 actionis
536 1994 657 2059 euentu,
673 2007 692 2046 a
713 1987 806 2047 nimia
821 1990 1041 2067 superstitione,

134 2086 188 2148 sod
212 2094 314 2146 tamen
338 2093 370 2146 et
389 2106 407 2146 a
428 2105 538 2166 magno
563 2083 733 2144 studiorum
758 2084 871 2146 honore
893 2087 1042 2149 ueniebat.

135 2187 196 2245 iam
209 2184 261 2244 illa
274 2204 419 2264 perquam
433 2183 565 2245 iucunda
580 2203 640 2242 una
654 2182 832 2256 dicentibus,
850 2183 931 2263 quod
951 2184 1075 2248 liberat

94 2307 121 2360 ¹5
135 2291 272 2361 tempora
299 2283 431 2362 petebat,
455 2282 537 2361 quod
561 2281 720 2342 audituros
745 2282 928 2360 conrogabat.
972 2283 1045 2361 quid

136 2381 216 2442 enim
236 2381 396 2441 iucundius
417 2401 508 2459 quam
529 2381 586 2441 sub
600 2379 724 2441 alterius
745 2379 860 2440 inuidia
881 2381 1045 2460 quamdiu

136 2479 211 2540 uelis
233 2487 264 2539 et
284 2480 316 2538 in
336 2479 435 2540 alieno
456 2478 607 2540 auditorio
622 2479 707 2558 quasi
728 2478 947 2558 deprehensum
969 2500 1045 2541 com-

135 2579 224 2640 mode
238 2579 359 2639 dicerel

177 2677 237 2738 Sed
259 2686 423 2757 utcumque
446 2698 477 2739 se
498 2679 611 2740 habent
632 2679 699 2753 ista,
720 2678 797 2738 bene
818 2676 889 2737 lecit
911 2676 1075 2757 Regulusl

91 2793 124 2830 20
137 2775 218 2855 quod
239 2784 285 2837 est
299 2787 457 2852 mortuus;
478 2777 592 2851 melius,
610 2778 635 2837 si
656 2786 733 2838 ante.
779 2795 859 2836 nunc
880 2775 960 2835 enim
974 2795 1045 2837 sane

135 2881 257 2953 poterat
277 2875 341 2935 sine
356 2875 435 2935 malo
455 2875 575 2955 publico
590 2877 693 2937 uiuere
707 2877 764 2937 sub
783 2896 819 2937 ao
832 2874 968 2956 principe
989 2876 1045 2936 sub

137 2992 198 3052 quo
218 2993 325 3035 nocere
346 2993 407 3034 non
420 2983 547 3053 poterat.
591 2975 658 3036 ideo
679 2974 723 3035 fas
745 2984 868 3037 estnon
890 2995 1045 3054 nunquam

170 3160 211 3202 41
245 3154 367 3219 7posset
389 3152 504 3204 ediscere
531 3157 616 3219 (posse
638 3159 666 3204 te
689 3154 789 3204 discere
811 3158 847 3217 Μ)
870 3160 931 3207 flou
956 3157 1047 3233 posset

138 3233 272 3286 dediscere
290 3248 308 3285 a
353 3237 590 3298 lumiminum.
604 3236 1058 3301 fmanimi2bl1arimdm

141 3319 172 3372 13
188 3323 216 3370 et
225 3335 242 3369 a
251 3333 347 3388 magno
357 3323 401 3371 Ila
412 3327 440 3372 et
452 3337 550 3391 magno
562 3335 597 3375 ou

589 3421 609 3466 Ι
