2250 3698
129 229 182 288 72.
199 229 260 293 (ΙΧ.
269 229 312 290 40)
379 227 579 281 EPISTVLAE
596 227 785 282 summu.
987 231 1035 282 135

129 377 267 449 sumitur,
283 384 315 436 et
329 375 354 436 si
370 374 481 456 agendi
500 375 660 436 necessitas
679 375 781 450 instat,
797 396 874 455 quae
893 376 1033 455 frequens

129 475 235 548 hieme,
265 494 325 534 non
353 473 414 533 iam
442 473 584 534 comoedo
613 473 662 533 uel
689 473 813 553 lyristae
837 482 906 554 post
930 495 1034 535 cenam

128 572 219 645 locus,
236 571 288 633 sed
302 571 354 633 illa
368 592 446 650 quae
460 571 573 632 dictaui
587 571 755 633 identidem
773 579 983 645 retractantur,
1000 593 1034 633 ac

129 670 218 732 simul
246 670 406 731 memoriae
440 669 592 748 frequenti
627 670 835 730 emendatione
869 671 1032 749 proficitur.

101 784 116 838 5
128 768 221 828 habes
234 775 357 841 aestate,
374 767 472 828 hieme
486 768 751 829 consuetudinem:
773 789 853 829 nunc
868 768 962 829 addas
976 769 1034 830 huc
1047 775 1064 832 3

128 867 200 928 licet
213 886 268 926 uer
281 875 313 927 et
326 874 514 940 autumnum,
531 886 607 944 quae
628 866 708 927 inter
728 866 857 927 hiemem
877 875 1035 928 aestatem·

129 984 188 1043 que
201 963 308 1038 media,
324 971 360 1024 ut
374 963 449 1024 nihil
464 964 501 1025 de
515 963 714 1043 disperdunt,
727 964 766 1026 de
777 965 1034 1044 nocteparuulum

129 1061 302 1143 adquirunt.
345 1062 421 1123 uale.

163 1247 204 1291 '72
223 1243 240 1291 4
255 1241 417 1307 prospicitur
428 1241 572 1291 Memorato
606 1242 622 1292 5
638 1256 709 1291 nunc
720 1240 803 1292 addas
814 1241 866 1292 huc
878 1240 941 1292 licet
952 1259 1000 1293 uer
1007 1247 1036 1293 et

95 1317 96 1320 ¹
129 1328 286 1374 autumnum
302 1339 370 1390 quae
389 1323 524 1375 Ooaauboa
543 1322 601 1386 (ast.
623 1322 737 1383 Laetitia)
755 1323 863 1374 Modiam
882 1340 935 1374 non
953 1325 1036 1375 addas

130 1406 181 1456 huc
192 1406 256 1456 licet
267 1421 330 1456 uere
341 1409 413 1468 (uere
425 1422 473 1456 cm.
488 1408 515 1466 a)
527 1409 699 1455 tantumnum
710 1421 777 1471 quae
789 1419 841 1456 oua
852 1406 960 1471 colligas
974 1407 1035 1457 hinc

130 1488 193 1539 licet
208 1505 256 1539 uer
270 1493 299 1539 et
312 1494 468 1539 autumnum
482 1504 549 1553 quae
561 1488 705 1539 Mommsen
737 1490 754 1540 θ
770 1488 882 1539 hiemem
896 1493 1034 1540 aestatem·

129 1586 180 1636 que
198 1570 285 1620 media
301 1570 409 1621 Modiam
425 1571 536 1620 hiemem
554 1570 611 1634 (hy-
628 1573 656 1631 a)
673 1574 854 1637 aestatemque
870 1570 983 1639 mediam
1000 1571 1036 1623 fn

129 1651 243 1702 hiemem
259 1652 351 1702 atatim
368 1656 548 1717 aestatemque
565 1652 678 1702 mediam
696 1666 731 1703 ou
766 1653 781 1707 7
798 1641 913 1718 perdant
927 1653 988 1704 Keil
1004 1659 1035 1704 ut

129 1733 196 1784 nihil
214 1733 248 1784 de
265 1733 308 1784 die
324 1733 441 1799 perdunt
458 1733 497 1782 ita
515 1733 548 1783 de
566 1738 644 1785 nocte
661 1734 769 1785 Modica
788 1739 835 1785 aut
854 1735 922 1785 nihil
940 1735 1035 1785 dedis

88 1810 90 1814 ⁴
129 1814 246 1881 perdunt
256 1819 305 1866 aut
316 1815 349 1865 de
360 1818 438 1865 nocte
449 1814 592 1865 Mommsen
