2250 3698
108 242 161 300 38.
180 243 223 306 (V.
237 246 278 307 14)
352 245 554 298 EPISTVLAE
576 246 766 300 SELECTAE.
981 249 1013 306 77

108 411 164 472 par
178 390 313 453 Cornuto
326 391 433 452 datum
447 392 544 454 uide0.
586 396 778 472 nequeenim
795 397 899 478 augeri
919 397 1044 478 digni-a

109 499 173 551 tate
187 511 277 569 quam
291 492 413 569 aequari
426 491 513 552 bonis
527 492 650 573 gratius.
682 492 817 556 Cornuto
827 504 930 557 autem
940 497 1014 575 quid

109 588 235 650 meliusl
262 589 336 667 quid
347 590 498 650 sanctiusl
524 589 598 668 quid
612 591 644 651 in
655 592 737 652 omni
747 612 856 673 genere
867 594 1014 655 laudisad

109 686 262 766 exemplar
282 687 472 765 antiquitatis
494 689 682 768 expressiusl
722 691 803 768 quod
822 692 895 751 mihi
916 694 1015 774 cogni·

81 805 95 861 5
109 792 176 844 tum
190 792 237 844 est
250 804 311 845 non
322 784 409 859 fama,
426 806 486 864 qua
506 787 619 866 alioqui
640 788 754 866 optima
773 797 804 849 et
824 789 1015 850 meritissima

108 882 229 956 fruitur,
259 883 312 943 scd
339 883 437 964 longis
470 887 646 966 magnisque
680 887 902 967 experimentis.
955 899 1045 955 una4

109 980 270 1062 diligimus,
287 1001 348 1041 una
358 981 518 1043 dileximus
530 1004 632 1045 omnes
646 985 708 1046 fere
723 1005 798 1064 quos
808 995 891 1047 aetas
912 996 1015 1047 nostra

108 1081 141 1140 in
155 1091 285 1157 utroque
299 1099 374 1140 sexu
388 1081 580 1142 aemulandos
595 1082 685 1158 tulit3
706 1104 783 1162 quae
800 1085 925 1146 societas
945 1085 1015 1145 ami·

110 1178 248 1239 citiarum
262 1178 412 1239 artissima
425 1199 480 1239 nos
496 1179 701 1240 familiaritate
715 1183 880 1243 coniunxit.
923 1189 1045 1248 acces-5

67 1298 98 1336 ro
110 1277 151 1337 sit
161 1275 315 1336 uinculum
329 1277 558 1362 necessitudinis
572 1277 727 1357 publicae3
748 1278 829 1339 idem
840 1280 921 1340 enim
931 1280 1014 1355 mihi,

110 1383 146 1435 ut
173 1374 237 1449 scis,
267 1374 381 1456 collega
409 1377 495 1454 quasi
522 1383 595 1435 uoto
624 1376 738 1455 petitus
769 1377 801 1436 in
827 1377 1016 1457 praefectura

109 1473 216 1533 aerarii
237 1473 304 1547 luit,
321 1474 380 1534 luit
400 1481 431 1533 et
451 1474 483 1534 in
498 1472 663 1534 consulatu.
706 1482 772 1534 tum
787 1494 843 1555 ego
857 1475 909 1554 qui
923 1476 971 1536 uir
985 1485 1016 1538 et

110 1580 242 1650 quantus
253 1580 331 1632 esset
341 1571 486 1632 altissime
500 1572 625 1651 inspexi,
638 1592 706 1633 cum
723 1593 863 1652 sequerer
878 1582 912 1634 ut
925 1574 1016 1655 magi·

110 1679 215 1744 strum,
241 1679 278 1730 ut
299 1677 456 1749 parentem
484 1690 611 1742 uererer,
635 1671 717 1748 quod
741 1691 802 1732 non
823 1680 887 1732 tam
907 1673 1016 1733 aetatis

68 1790 97 1845 15
110 1769 287 1830 maturitate
301 1787 392 1846 quam
407 1767 489 1828 uitae
502 1768 681 1829 merebatur.
712 1769 759 1829 his
771 1790 809 1830 ex
819 1770 915 1830 causis
926 1778 962 1830 ut
972 1769 1016 1830 illi
1029 1776 1047 1834 6

110 1868 152 1928 sic
166 1867 240 1927 mihi
261 1865 406 1947 gratulor,
421 1885 476 1926 nec
496 1866 639 1944 priuatim
659 1867 756 1947 magis
777 1887 867 1946 quam
888 1867 1014 1947 publice,

111 1966 193 2044 quod
207 1965 330 2025 tandem
340 1965 476 2025 homines
490 1984 551 2024 non
561 1964 600 2024 ad
613 1965 753 2043 pericula,
764 1974 799 2025 ut
809 1965 900 2045 prius,
911 1985 1017 2026 uerum

111 2063 150 2124 ad
164 2064 291 2124 honores
305 2063 420 2123 uirtute
434 2063 624 2141 perueniunt.

152 2161 189 2222 In
203 2162 355 2223 infinitum
369 2160 530 2242 epistulam
546 2158 716 2232 extendam,
729 2159 755 2219 si
768 2159 880 2241 gaudio
894 2180 961 2221 meo
975 2161 1018 2221 in·
1030 2168 1048 2226 7

65 2286 99 2326 ao
112 2260 260 2342 dulgeam.
302 2268 479 2340 praeuertor
501 2259 541 2320 ad
567 2278 601 2318 ea
625 2278 702 2337 quae
726 2279 774 2319 me
802 2267 942 2338 agentem
969 2259 1018 2320 hic

111 2361 237 2422 nuntius
250 2360 458 2440 deprehendit.
496 2379 577 2419 eram
593 2378 662 2418 cum
676 2376 833 2435 prosocero
847 2377 923 2431 mec,
936 2378 1017 2418 eram
1030 2363 1048 2420 8

111 2477 179 2518 cum
200 2458 293 2518 amita
313 2458 424 2531 uxoris,
443 2477 524 2518 eram
545 2477 613 2517 cum
635 2455 738 2516 amicis
758 2455 812 2516 diu
831 2455 1016 2528 desideratis,

111 2556 303 2616 circumibam
333 2555 453 2637 agellos,
482 2554 642 2615 audiebam
677 2553 808 2614 multum
839 2554 1018 2616 rusticarum

111 2654 309 2733 querelarum,
325 2654 457 2715 rationes
470 2653 607 2734 legebam
621 2651 737 2712 inuitus
757 2659 788 2713 et
809 2651 919 2712 cursim
941 2651 1018 2732 (aliis

66 2773 99 2828 25
112 2753 192 2813 enim
217 2753 336 2826 chartis,
359 2751 426 2812 aliis
451 2771 517 2811 sum
541 2750 652 2812 litteris
679 2748 839 2828 initiatus),
864 2769 1019 2828 coeperam

112 2850 204 2912 etiam
217 2850 318 2912 itineri
333 2870 380 2911 me
395 2869 581 2929 praeparare.
624 2868 694 2908 nam
712 2847 850 2908 includor
871 2848 1048 2929 angustiis9

112 2958 303 3022 commeatus,
316 2967 411 3027 eoque
424 2947 490 3028 ipso
501 2945 582 3025 quod
596 2946 770 3027 delegatum
781 2945 917 3008 Cornuto
928 2946 1018 3007 audio

112 3046 241 3108 officium
263 3045 322 3107 mei
345 3045 515 3107 admoneor.
559 3045 647 3125 cupio
668 3053 698 3105 te
720 3066 839 3126 quoque
860 3046 916 3107 sub
937 3045 1018 3106 idem

145 3197 188 3241 80
211 3193 228 3241 4
250 3189 384 3256 exemplar
400 3203 452 3241 oua
468 3189 616 3254 exemplum
633 3193 660 3238 Μ
686 3190 717 3238 12
739 3189 834 3239 aerarii
851 3189 903 3238 fuit
920 3189 974 3239 fuit
990 3195 1018 3240 et

111 3278 155 3324 Ha
174 3273 269 3324 aerarii
289 3273 342 3322 luit
358 3277 386 3322 et
405 3285 440 3323 ou
486 3273 516 3324 13
541 3271 648 3339 inspexi
669 3284 725 3324 oua.
738 3271 964 3338 inspexeramw
995 3268 1039 3316 ‘m

103 3359 261 3418 praecentor
270 3359 332 3407 noa
342 3361 520 3422 praeuertsm
529 3373 550 3412 u
