2250 3698
109 212 164 272 86.
183 211 226 276 (V.
238 217 263 276 3)
358 213 557 265 EPISTVLAE
580 214 769 267 suanorum
984 218 1017 274 73

460 502 596 566 LIBER
626 501 664 567 V.

468 667 521 725 36.
566 668 599 720 V·
619 669 657 729 3.)

240 767 268 820 C.
289 766 437 819 PLINIVS
456 671 746 820 rlrloiaarsronr
763 769 831 821 SVO
849 769 875 821 S.

150 868 227 932 Cum
241 871 370 950 plurima
381 871 475 931 officia
489 879 543 931 tua
557 871 632 931 mihi
645 880 733 952 grata
747 880 778 932 et
791 873 923 933 iucunde
933 883 1013 948 sunt,
1029 891 1045 948 1

61 978 76 1035 5
106 975 176 1029 tum
190 969 238 1028 uel
252 969 383 1029 maxime
397 969 479 1047 quod
493 989 540 1029 me
555 969 712 1029 celandum
727 990 787 1030 non
798 972 913 1051 putasti
923 972 1014 1033 fuisse

108 1066 192 1146 apud
205 1075 236 1127 te
251 1067 289 1127 de
303 1065 458 1126 uersiculis
479 1067 553 1127 meis
574 1066 703 1127 multum
725 1068 937 1148 copiosumque
958 1089 1017 1130 ser·

110 1184 239 1238 monem,
263 1184 390 1242 eumque
412 1164 589 1225 diuersitate
610 1164 789 1225 iudiciorum
810 1166 929 1246 longius
950 1186 1016 1247 pro

110 1263 241 1336 cessisse,
258 1264 409 1324 exstitisse
423 1263 515 1323 etiam
529 1262 675 1341 quosdam
689 1264 741 1341 qui
761 1264 873 1343 scripta
894 1265 1016 1343 quidem

109 1362 176 1442 ipsa
189 1382 250 1422 non
263 1361 476 1441 improbarent,
491 1381 539 1420 me
554 1369 655 1421 tamen
669 1362 762 1422 amice
782 1363 1016 1444 simpliciterque

66 1479 97 1515 10
109 1460 364 1539 reprehenderent
392 1459 474 1537 quod
501 1459 574 1519 haec
602 1459 760 1520 scriberem
790 1461 1014 1540 recitaremque.

110 1558 219 1637 quibus
233 1578 297 1638 ego,
313 1566 348 1618 ut
364 1577 491 1638 augeam
509 1577 607 1618 meam
627 1557 753 1638 culpam,
770 1559 813 1618 ita
832 1560 1015 1639 respondeo:
1029 1577 1046 1634 2

109 1655 186 1715 facio
205 1676 265 1715 non
286 1676 441 1734 nunquam
462 1655 624 1716 uersiculos
647 1676 766 1717 seueros
785 1677 900 1736 parum,
921 1658 998 1719 facio
1007 1681 1016 1734 3

109 1774 180 1813 nam
208 1753 298 1814 etiam
326 1753 493 1814 comoedias
521 1754 620 1827 audio,
651 1763 682 1815 et
710 1764 812 1834 specto
839 1756 955 1828 mimos,
985 1765 1016 1817 et

108 1850 218 1932 lyricos
240 1852 315 1932 lego,
336 1860 368 1912 et
390 1851 545 1913 Sotadicos
568 1853 712 1934 intellego
722 1876 731 1928 ;
752 1853 913 1933 aliquando
934 1875 1017 1935 prae·

64 1963 93 2018 ις
108 1957 192 2010 terea
205 1948 298 2022 rideo,
314 1949 403 2023 iocor,
421 1949 501 2024 ludo,
519 1961 614 2028 utque
636 1951 736 2011 omnia
757 1951 897 2012 innoxiae
915 1953 1016 2013 remis-

108 2048 200 2110 sionis
214 2069 324 2130 genera
337 2048 471 2108 breuiter
484 2049 656 2128 amplectar,
672 2048 761 2108 homo
776 2069 849 2108 sum.

148 2147 214 2209 Nec
235 2168 306 2208 uero
320 2146 445 2207 moleste
466 2145 530 2205 fero
549 2146 626 2206 hanc
646 2166 709 2206 esse
728 2145 766 2206 de
787 2147 920 2207 moribus
940 2151 1045 2222 meis3

108 2246 370 2319 existimationem,
400 2255 435 2306 ut
463 2246 515 2324 qui
544 2245 682 2305 nesciunt
709 2245 783 2305 talia
817 2245 1012 2323 doctissimos,

106 2345 306 2426 grauissimos,
323 2345 524 2406 sanctissimos
540 2344 675 2404 homines
691 2343 874 2423 scriptitasse
888 2366 936 2406 me
948 2348 1014 2407 scri-

60 2462 94 2500 20
106 2442 178 2504 bere
192 2443 346 2505 mirentur.
390 2445 428 2504 ab
443 2444 502 2504 illis
517 2454 621 2505 autem
635 2443 743 2522 quibus
758 2451 864 2503 notum
880 2453 926 2504 est
939 2465 1014 2523 quos
1026 2458 1044 2514 4

106 2552 295 2622 quantosque
323 2553 459 2605 auctores
488 2565 595 2622 sequar
624 2542 710 2602 facile
738 2541 893 2621 impetrari
928 2563 1013 2623 posse

106 2640 224 2702 confido
247 2650 282 2703 ut
306 2664 404 2705 errare
429 2664 485 2717 me,
512 2642 565 2704 sed
590 2662 658 2702 cum
682 2639 741 2699 illis
763 2639 864 2699 sinant
885 2660 1013 2718 quorum

106 2759 167 2800 non
188 2741 264 2801 seria
285 2741 374 2802 modo
395 2762 501 2803 uerum
527 2741 617 2802 etiam
646 2740 729 2799 lusus
758 2737 925 2818 exprimere
952 2739 1013 2799 lau-

106 2839 205 2900 dabile
226 2849 279 2900 est.
322 2861 361 2901 an
385 2862 439 2922 ego
461 2861 566 2902 uerear
586 2841 747 2919 (neminem
772 2838 950 2911 uiuentium,
974 2856 1042 2913 ne5

59 2948 90 3002 ²5
105 2959 195 3016 quam
210 2939 242 2999 in
256 2940 384 3018 speciem
398 2939 580 3000 adulationis
600 2939 737 3012 incidam,
755 2937 938 3018 nominabo),
960 2938 1013 2998 sed

105 3056 161 3117 ego
192 3057 297 3097 uerear
328 3057 366 3097 ne
396 3059 444 3098 me
473 3058 533 3097 non
562 3040 633 3098 satis
662 3039 767 3101 deceat
796 3036 878 3117 quod
910 3036 1012 3097 decuit

138 3171 180 3216 ⁸0
196 3167 226 3216 12
243 3166 311 3218 facio
321 3183 382 3217 nam
400 3171 427 3218 et
443 3170 481 3226 (et
495 3183 560 3217 corr.
576 3170 591 3217 1
605 3168 631 3219 lt.
639 3168 714 3232 frona
728 3169 809 3218 etiam
822 3173 850 3229 B)
864 3167 1016 3218 comoedias

104 3249 184 3296 ΒΜ»,
206 3245 274 3296 facio
301 3249 329 3296 et
356 3245 503 3298 comoedias
532 3245 613 3300 sudio
640 3248 695 3303 cul:
735 3250 772 3301 it
790 3245 942 3301 semustas
964 3243 1037 3293 coma.

102 3322 262 3375 Calanaeffl
267 3326 412 3379 socraticos
425 3329 501 3383 codd.
515 3332 655 3400 satyricos
668 3331 687 3387 f
