2250 3698
151 225 204 287 15.
223 227 270 290 (ΙΙ.
281 229 307 290 l)
398 224 598 281 EPISTVLAE
619 222 809 280 SELEOEAE.
1023 222 1058 279 23

499 714 635 780 LIBER
664 715 707 780 Il

508 953 559 1010 15.
594 953 640 1014 (Π,
662 909 703 1014 1.)⁸

350 1082 379 1135 0.
399 1082 546 1134 PLINIVS
565 1080 720 1134 ROMANO
737 1080 805 1133 SVO
822 1080 847 1133 S,

189 1209 264 1270 Post
278 1210 393 1290 aliquot
407 1231 501 1271 annos
515 1211 632 1292 insigne
649 1218 741 1289 atque
756 1210 848 1286 etiam
861 1209 1053 1271 memorabile
1066 1213 1082 1271 1

118 1327 133 1382 5
146 1308 252 1388 populi
267 1309 395 1369 Romani
410 1309 502 1370 oculis
524 1307 727 1389 spectaculum
748 1306 887 1368 exhibuit
901 1307 1053 1386 publicum

147 1406 240 1466 funus
267 1406 393 1486 Vergini
420 1407 498 1481 Rufi,
527 1406 652 1467 maximi
680 1414 711 1466 et
738 1405 892 1485 clarissimi
920 1405 994 1465 ciuis
1022 1413 1054 1466 et

146 1504 273 1583 perinde
287 1504 388 1565 felicis.
432 1505 559 1585 triginta
573 1505 659 1564 anuis
669 1505 781 1586 gloriae
792 1524 863 1564 suae
874 1503 1051 1584 superuixit.

147 1601 224 1682 legit
238 1602 348 1683 scripta
362 1602 400 1663 de
415 1623 446 1664 se
460 1603 599 1676 carmina,
622 1601 697 1684 legit
717 1601 865 1675 historiae,
884 1610 915 1663 et
929 1602 1082 1682 posteri-2

147 1696 206 1755 tati
228 1717 298 1757 suae
318 1696 466 1757 interluit.
509 1696 684 1775 perfunctus
706 1704 751 1756 cst
772 1696 864 1756 tertio
885 1696 1050 1770 consulatu,

105 1817 135 1854 ιο
147 1802 183 1854 ut
205 1815 355 1854 summum
375 1794 531 1876 fastigium
552 1794 663 1873 priuati
677 1793 806 1854 hominis
820 1793 967 1875 impleret,
983 1813 1052 1854 cum

146 1892 289 1972 principis
303 1893 456 1954 uoluisset,
513 1891 654 1953 Caesares
668 1893 776 1971 quibus
791 1900 946 1972 suspectus
960 1899 1051 1971 atque
1064 1905 1083 1962 3

147 1989 240 2051 etiam
260 1990 375 2052 inuisus
396 1990 562 2050 uirtutibus
583 1990 682 2051 iuerat
704 1991 808 2063 euasit,
831 1989 954 2068 reliquit
974 1990 1052 2050 inco

147 2087 259 2148 lumem
273 2089 421 2167 optimum
435 2077 526 2167 atque
541 2088 759 2161 amicissimum,
771 2095 916 2166 tanquam
924 2086 1052 2149 adhunc

146 2180 246 2262 ipsum
274 2181 418 2242 honorem
445 2182 557 2262 publici
581 2182 694 2243 funeris
716 2189 896 2242 reseruatus.
939 2189 1081 2245 annuml

105 2301 132 2356 15
146 2277 272 2338 tertium
295 2287 326 2340 et
348 2281 584 2361 octogensimum
607 2281 734 2341 excessit
756 2281 788 2339 in
810 2279 956 2340 altissima
971 2288 1051 2341 tran·

146 2376 306 2456 quiditate,
336 2379 400 2458 pari
428 2379 629 2440 ueneratione.
673 2400 744 2439 usus
781 2387 826 2440 est
860 2379 946 2439 firma
973 2380 1051 2440 uale-

146 2471 260 2547 tudine,
287 2474 344 2535 nisi
369 2475 450 2554 quod
472 2476 608 2537 solebant
631 2477 658 2537 ei
680 2498 786 2537 manus
809 2485 946 2551 tremere,
975 2478 1051 2538 citra

145 2571 280 2634 dolorem
321 2581 430 2634 tamen.
494 2573 594 2634 aditus
636 2583 756 2636 tantum
798 2577 903 2636 mortis
946 2575 1050 2636 du1ior

145 2669 329 2752 longiorque,
346 2671 460 2732 sedhic
474 2673 538 2752 ipse
555 2672 721 2734 laudabilis.
765 2695 835 2734 nam
856 2694 924 2733 cum
943 2664 1079 2736 uocem5

100 2791 132 2828 20
144 2778 336 2848 praepararet
350 2777 472 2831 acturus
485 2771 517 2831 in
531 2772 688 2832 consulatu
698 2771 826 2852 principi
835 2772 956 2853 gratias,
973 2773 1049 2834 liber

144 2887 235 2945 quem
249 2866 327 2928 forte
341 2877 496 2948 acceperat
508 2869 699 2950 grandiorem
711 2878 742 2932 et
753 2871 816 2932 seni
831 2878 862 2931 et
876 2872 969 2932 stanti
983 2872 1049 2952 ipso

142 2957 277 3044 pondere
286 2962 408 3046 ¹elapsus
422 2975 477 3026 est.
533 2967 613 3028 hunc
627 2967 700 3028 dum
715 2969 851 3048 sequitur
864 2969 1046 3051 colligitque,

142 3082 198 3142 per
220 3062 286 3123 leue
309 3071 348 3124 et
364 3063 512 3125 lubricum
536 3065 744 3144 pauimentum
772 3066 895 3128 fallente
918 3067 1051 3148 uestigio

177 3246 215 3290 ιο
233 3242 249 3290 6
266 3242 367 3308 uergini
382 3243 530 3311 Buergimi
543 3248 563 3299 Β
576 3245 701 3318 uerginei
714 3262 730 3302 c
743 3247 852 3318 uirgini
861 3252 914 3301 ils.
923 3244 1072 3314 uirgam

141 3322 283 3384 Wrginein
295 3324 361 3375 ciuis
372 3331 401 3378 et
410 3330 525 3395 perinde
538 3337 637 3390 mona
647 3337 722 3391 ciuis
731 3335 855 3408 perinde
862 3339 914 3388 m
