2250 3698
153 240 280 316 itanc
292 256 335 317 se)
399 237 600 306 nnisavm'a
616 234 806 306 sepeciem
1009 249 1055 304 nn

467 454 539 514 1⁰1.
574 455 617 516 (X
632 457 753 518 80[84})

433 582 621 635 TRAIANVS
638 583 771 635 PLINIO.

191 700 440 782 Interpretationi
462 709 541 774 tuae,
567 701 609 760 mi
632 699 768 762 Secunde
792 700 950 774 canssime,
976 698 1057 760 idem

151 800 291 861 existimo
311 800 465 872 hactenus,
481 798 579 860 edicto
599 798 665 858 diui
678 798 811 880 Augusti
832 805 976 858 nouatam
993 815 1056 856 esse

122 906 137 960 5
150 897 248 979 legem
262 898 437 977 Pompeiam
451 905 486 957 ut
506 897 718 978 magistratum
737 896 859 976 quidem
873 914 978 974 capere
992 913 1057 973 pos

151 1004 219 1057 sent
232 996 254 1056 ii
268 997 320 1076 qui
334 1017 396 1056 non
416 995 546 1056 minores
567 1011 646 1055 xxv.
661 1015 809 1056 annorum
828 1002 935 1067 essent,
952 1001 983 1053 et
1004 991 1056 1072 qui

150 1094 306 1173 cepissent,
324 1095 358 1155 in
378 1102 516 1155 senatum
536 1095 680 1173 cuiusque
701 1093 833 1155 ciuitatis
854 1092 1054 1172 peruenirent.

150 1201 284 1253 ceterum
305 1213 366 1252 non
384 1200 472 1270 capto
493 1191 673 1272 magistratu
694 1191 815 1271 eosqui
828 1191 959 1250 minores
973 1203 1054 1250 xxx

150 1311 297 1352 annorum
322 1291 391 1365 sint,
416 1291 487 1370 quia
511 1290 723 1370 magistratum
747 1310 852 1370 capere
877 1289 1000 1368 possint,
1022 1288 1056 1350 in

107 1419 138 1456 10
151 1375 263 1451 ousiam
273 1388 369 1450 etiam
383 1388 440 1450 loci
455 1389 598 1467 cuiusque
612 1409 673 1448 non
688 1389 828 1449 existimo
843 1387 902 1469 legi
916 1405 1010 1468 posse.

466 1616 539 1673 102.
574 1617 617 1678 (X.
632 1619 664 1669 88
675 1619 750 1681 [89].)

287 1746 315 1798 C.
336 1745 484 1797 PLINIVS
501 1746 665 1798 TRAIANO
684 1746 921 1799 IMPERATORI.

191 1865 280 1944 Opto,
303 1864 432 1937 domine,
455 1872 487 1923 et
508 1863 588 1924 hunc
609 1855 740 1923 natalem
763 1872 795 1923 et
816 1863 960 1943 plurimos
981 1863 1056 1926 alios

150 1984 241 2042 quam
252 1962 437 2024 felicissimos
448 1983 527 2042 agas,
540 1969 721 2039 aeternaque
732 1959 820 2020 laude
832 1962 987 2022 florentem
998 1960 1057 2020 uir·

106 2080 136 2134 15
150 2062 226 2122 tutis
250 2070 321 2122 tuae
345 2060 472 2141 gloriam
498 2057 613 2142 [quam]
642 2058 799 2119 incolumis
823 2066 855 2118 et
878 2058 965 2118 fortis
989 2057 1056 2120 aliis

150 2180 239 2241 super
253 2159 312 2220 alia
325 2159 464 2239 operibus
478 2178 596 2240 augeas.

467 2370 540 2429 103.
574 2371 618 2432 (Χ.
634 2372 665 2422 89
679 2372 754 2434 [90].)

432 2499 618 2552 TRAIANVS
638 2495 771 2548 PLINIO.

190 2618 330 2701 Agnosco
354 2626 427 2680 uota
451 2626 512 2690 tua,
536 2617 578 2677 mi
603 2614 740 2677 Secunde
764 2613 922 2687 canssime‚
946 2614 1055 2693 quibus

104 2718 278 2798 aoprecaiis
303 2725 339 2777 ut
363 2716 507 2797 plurimos
530 2724 561 2776 et
585 2713 770 2775 felicissimos
794 2711 909 2773 natales
930 2714 1056 2776 florente

149 2825 232 2877 statu
246 2815 290 2878 rei
310 2815 447 2897 publicae
460 2823 580 2875 nostrae
594 2833 689 2894 agam.

184 2956 243 3000 101
267 2951 283 3003 3
302 2949 373 3001 idem
395 2949 556 3000 existimoo
574 2947 630 3000 Oct.
651 2950 728 3007 alut
744 2946 878 3007 existimo)
895 2949 916 2996 Α
932 2945 1055 3001 similiter

149 3033 272 3084 existimo
290 3031 399 3084 Orellim
432 3033 448 3082 θ
464 3044 530 3081 xxv.
545 3029 637 3096 scripsi
652 3032 690 3091 (et
703 3032 794 3094 supra)
809 3029 862 3080 duo
879 3034 906 3079 et
923 3029 1020 3096 uiginti
1034 3035 1055 3081 Δ

148 3113 261 3166 duorum
277 3118 306 3165 et
322 3113 420 3180 uiginti
431 3113 505 3178 aqui
517 3113 648 3178 cepIsaent
661 3112 718 3162 Ber.
734 3112 797 3177 quia
810 3116 957 3178 cocpIssent
972 3117 992 3163 Δ
1008 3115 1055 3178 qui

147 3197 311 3262 accepissent
321 3209 339 3246 a

183 3284 245 3329 102
266 3281 296 3330 15
311 3277 423 3344 gloriam
440 3291 519 3344 quem
536 3275 677 3329 incolumis
694 3279 735 3328 Aa
750 3275 867 3344 glottam
881 3279 914 3327 et
924 3274 1082 3325 mamam

140 3358 215 3411 Uul!
