2250 3698
143 236 196 294 88.
214 236 277 300 (IV.
291 239 334 300 ll)
392 236 593 290 EPISTVLAE
617 239 808 291 SELEOTAE.
1023 244 1056 294 66

143 391 263 456 actores
293 383 482 460 habebatur;
518 405 608 448 nunc.
629 407 664 446 eo
694 386 808 447 decidit
839 396 873 447 ut
904 389 988 449 exsul
1017 389 1055 450 de

144 491 294 561 senatore,
317 483 421 544 rhetor
449 484 487 545 de
517 494 634 546 oratore
659 488 753 546 fieret.
804 487 906 566 itaque
932 488 995 568 ipse
1023 489 1085 560 in2

145 581 335 664 praefatione
363 582 444 642 dixit
475 582 614 644 dolenter
645 593 676 644 et
707 585 842 665 grauiter
866 592 957 663 ‘quos
989 587 1053 659 tibi,

146 681 292 754 Fortuna,
322 679 410 741 ludos
437 680 530 741 facis‘l
557 681 630 742 facis
660 682 740 742 enim
772 702 810 742 ex
839 682 1056 763 professoribus

123 785 310 849 sacratores,
327 797 365 837 ex
379 779 567 839 senatoribus
583 779 783 859 professores!
824 781 872 840 cui
889 781 1056 841 sententiae

147 884 270 936 tantum
305 874 381 948 bilis,
411 883 531 935 tantum
562 877 771 937 amaritudinis
805 878 885 937 inest
916 886 951 937 ut
982 878 1057 937 mihi

146 973 292 1034 uideatur
312 971 381 1032 ideo
403 973 554 1052 professus
576 981 611 1034 ut
633 974 689 1034 hoc
710 974 832 1036 diceret.
875 975 964 1049 idem,
989 983 1087 1040 cume

146 1072 265 1134 Graeco
293 1069 383 1151 pallio
411 1071 538 1131 amictus
561 1071 704 1132 intrasset
719 1075 835 1149 (carent
859 1073 940 1133 enim
968 1080 1057 1153 togae

145 1171 213 1231 iure
233 1169 343 1248 quibus
361 1189 439 1248 aqua
459 1178 491 1229 et
512 1169 577 1250 igni
596 1169 792 1231 interdictum
813 1171 881 1250 est),
897 1180 1057 1252 postquam

107 1287 135 1324 ro
147 1288 180 1329 se
194 1268 364 1347 composuit
377 1267 648 1347 circumspexitque
662 1269 800 1328 habitum
814 1289 910 1344 suum,
926 1269 1057 1330 ‘Latine'

148 1365 249 1444 inquit
272 1364 509 1425 ‘declamaturus
524 1365 609 1425 sum!

190 1463 279 1523 Dices
301 1462 402 1522 tristia
427 1470 458 1523 et
482 1462 659 1536 miseranda,
682 1463 810 1544 dignum
834 1472 936 1524 tamen
961 1465 1086 1538 illum,4

149 1561 203 1640 qui
223 1561 296 1622 haec
315 1562 380 1641 ipsa
401 1560 503 1622 studia
523 1562 630 1622 incesti
651 1563 760 1623 scelere
781 1563 947 1624 macularit.
990 1584 1057 1624 eon·
1068 1581 1086 1639 5

150 1660 245 1720 fessus
259 1667 306 1720 est
320 1659 444 1738 quidem
458 1661 613 1733 incestum,
631 1660 683 1721 sed
704 1661 853 1721 incertum
867 1670 970 1722 utrum
986 1663 1057 1740 quia

109 1771 136 1824 15
150 1778 256 1818 uerum
279 1767 345 1818 erat
362 1779 401 1817 an
421 1758 491 1836 quia
512 1759 652 1838 grauiora
672 1760 835 1833 metuebat,
859 1760 883 1818 si
908 1769 1054 1841 negasset.

150 1855 298 1917 fremebat
320 1855 400 1916 enim
423 1855 615 1916 Domitianus
638 1857 855 1934 aestuabatque
883 1858 914 1916 ih
940 1859 1057 1938 ingenti

149 1953 266 2014 inuidia
290 1953 464 2013 destitutus.
508 1974 577 2012 nam
599 1973 667 2013 cum
689 1952 865 2026 Corneliam,
889 1953 1087 2024 Vestaliumss

149 2052 320 2124 maximam,
345 2050 487 2112 defodere
514 2052 616 2110 uiuam
639 2051 834 2129 concupisset,
857 2061 892 2110 ut
917 2052 969 2128 qui
993 2052 1058 2112 illn-

150 2151 240 2211 strari
254 2149 404 2210 saeculum
420 2169 508 2209 suum
523 2148 682 2208 eiusmodi
700 2148 837 2228 exemplo
851 2148 1055 2222 arbitraretur,

105 2268 138 2304 20
150 2249 300 2329 pontificis
314 2249 438 2308 maximi
453 2248 518 2307 iure
534 2268 586 2308 seu
608 2247 708 2326 potius
722 2246 911 2306 immanitate
925 2247 1056 2326 tyranni,

151 2346 272 2406 licentia
285 2345 408 2418 domini,
425 2346 556 2424 reliquos
572 2345 728 2424 pontifices
742 2365 803 2404 non
817 2344 849 2403 in
865 2344 991 2426 Regiam
1005 2346 1059 2405 sed

151 2447 183 2505 in
205 2445 354 2506 Albanam
376 2446 480 2505 uillam
506 2443 691 2505 conuocauit.
735 2463 790 2503 nec
812 2444 927 2504 minore
950 2445 1058 2505 scelere

151 2564 242 2623 quam
257 2543 339 2623 quod
354 2543 457 2604 ulcisci
473 2541 634 2602 uidebatur
655 2541 810 2600 absentem
831 2541 1059 2618 inauditamque

151 2642 308 2702 damnauit
329 2642 443 2713 incesti,
460 2661 528 2700 cum
550 2640 613 2719 ipse
627 2639 730 2698 fratris
751 2638 844 2698 filiam
863 2639 978 2699 incesto
998 2659 1059 2698 non

106 2751 137 2804 ²5
151 2741 307 2822 polluisset
328 2740 425 2800 solum
446 2759 552 2799 uerum
571 2737 663 2798 etiam
683 2736 856 2798 occidisset:
878 2757 948 2796 nam
967 2737 1060 2797 uidua

151 2824 260 2899 abortu
275 2837 373 2919 periit.

185 3022 227 3066 ⁸2
251 3019 268 3068 4
287 3033 359 3068 ex...
376 3018 392 3067 5
411 3015 570 3080 professores
592 3019 682 3068 Brona
721 3031 753 3064 ex
772 3014 938 3065 senatoribus
960 3013 1059 3079 profes-

152 3115 224 3150 sores
246 3116 280 3151 ex
301 3098 494 3166 professoribus
516 3103 650 3149 senatores
672 3097 741 3148 HVF
783 3099 814 3148 16
842 3097 870 3146 in
896 3097 999 3162 ingenti
1022 3099 1061 3144 BF

152 3183 254 3247 ingenti
276 3187 376 3233 Hvona
421 3181 451 3234 17
484 3180 626 3232 uestalium
655 3179 795 3230 maximam
818 3183 866 3227 HV
887 3176 1061 3227 maximillam

152 3264 280 3315 nestalem
302 3269 392 3316 Brona
437 3265 468 3314 18
495 3265 661 3328 concupisset
687 3266 770 3313 uvou
795 3259 914 3326 cupisset
922 3264 983 3312 m
1030 3261 1065 3312 ie

148 3345 266 3410 exemplo
280 3351 337 3398 Bra
353 3345 485 3415 exemplis
501 3349 589 3400 livea
