2250 3698
64 233 117 291 50.
134 233 209 296 (VII.
220 235 262 296 19)
308 233 510 286 EPISTVLAE
532 233 722 286 sumeres.
937 235 969 285 99

63 379 167 441 multa
211 380 264 459 qui
284 380 347 441 sint
367 380 407 454 hi,
423 380 498 442 adeo
512 390 619 441 notum
633 380 852 461 probatumque
867 388 914 442 est
933 389 970 442 ut
982 385 1016 444 1s

63 478 320 540 demonstratione
341 500 403 540 nou
424 487 511 559 egeat
520 502 529 554 ;
550 487 582 540 et
595 479 707 558 alioqui
728 486 791 539 tam
811 479 969 541 immodice

63 576 222 654 epistulam
249 576 374 637 extendi
401 583 444 651 ut,
474 576 546 636 dum
574 577 632 637 tibi
659 597 749 656 quem
775 577 815 637 ad
846 576 969 638 modum

63 673 185 736 studere
206 674 315 735 debeas
336 673 456 749 suadeo,
479 674 621 735 studendi
642 682 763 753 tempus
783 674 966 735 abstulerim.

37 772 137 851 squin
162 791 233 852 ergo
256 770 417 851 pugillares
439 771 572 846 resumis,
596 779 627 832 et
648 771 762 851 aliquid
783 791 821 832 ex
842 772 898 846 his,
920 771 969 833 uel

63 869 146 932 istud
160 868 260 950 ipsum
274 870 356 949 quod
370 890 517 949 coeperas,
534 869 658 932 scribisl
700 870 775 931 uale.

403 1111 456 1168 50.
490 1111 632 1175 (VH.19.)

280 1228 310 1281 C.
330 1227 478 1279 PLINIVS
496 1226 621 1279 PRISOO
639 1226 707 1279 SVO
724 1225 750 1278 S.

104 1356 202 1438 Angit
216 1377 264 1418 me
281 1357 413 1418 Fanniae
430 1355 582 1417 ualetudo.
626 1355 778 1416 contraxit
796 1355 880 1430 hanc,
896 1354 969 1416 dum
999 1372 1015 1430 1

21 1488 53 1528 10
64 1454 183 1516 adsidet
215 1455 319 1516 Iuniae
346 1455 474 1535 Virgini,
505 1460 612 1534 sponte
642 1453 774 1532 primum
803 1454 862 1532 (est
889 1453 969 1515 enim
1060 1496 1063 1501 ι

64 1553 192 1630 adfinis),
205 1553 315 1614 deinde
329 1555 420 1614 etiam
434 1573 473 1614 ex
487 1552 665 1614 auctoritate
679 1552 862 1632 pontificum.
899 1574 969 1613 nam
999 1568 1016 1625 2

64 1652 214 1734 Virgines,
250 1673 319 1713 cum
357 1653 389 1712 ui
427 1651 523 1712 morbi
561 1652 638 1712 atrio
674 1650 784 1712 Vestae
821 1660 970 1730 coguntur

65 1750 217 1824 excedere,
230 1757 435 1811 matronarum
450 1769 537 1810 curae
552 1748 763 1829 custodiaeque
777 1749 967 1810 mandantur.

65 1868 125 1929 quo
166 1869 290 1910 munere
324 1848 439 1909 Fannia
479 1846 552 1908 dum
592 1846 696 1907 sedulo
731 1847 876 1926 fungitur,
914 1847 970 1906 hoc

23 1973 52 2027 ις
65 1947 237 2009 discrimine
270 1946 416 2026 implicita
453 1953 506 2006 est.
570 1944 704 2005 Insident
737 1945 842 2019 febres,
880 1946 971 2006 tussis
1000 1965 1017 2022 3

64 2045 211 2120 increscit,
241 2065 357 2105 summa
384 2044 500 2117 macies,
532 2041 649 2102 summa
674 2041 823 2102 defectio:
854 2043 971 2103 animus

65 2151 186 2204 tantum
211 2151 243 2205 et
267 2143 391 2222 spiritus
416 2142 507 2221 uiget,
534 2139 679 2200 Heluidio
701 2139 817 2214 marito,
841 2139 973 2201 Thrasea

65 2250 151 2322 patre
185 2242 379 2322 dignissimus
390 2263 400 2316 3
438 2238 554 2318 reliqua
589 2237 740 2312 labuntur,
773 2258 880 2317 meque
912 2258 971 2299 non

65 2349 150 2402 metu
168 2348 289 2402 tantum
309 2360 416 2400 uerum
435 2338 526 2399 etiam
548 2336 651 2397 dolore
674 2336 843 2398 conficiunt.
886 2336 973 2398 doleo
1001 2354 1019 2411 4

21 2469 53 2506 20
66 2441 145 2500 enim
164 2439 306 2500 feminam
324 2437 486 2499 maximam
506 2436 581 2515 eripi
603 2435 696 2496 oculis
718 2434 859 2510 ciuitatis,
874 2435 973 2496 nescio

65 2558 104 2597 an
118 2536 231 2617 aliquid
248 2536 344 2597 simile
358 2535 476 2596 uisuris.

107 2635 190 2710 Quae
204 2635 326 2696 castitas
341 2634 403 2694 illi!
425 2651 502 2710 quae
518 2631 674 2692 sanctitas!
697 2637 811 2709 quanta
827 2630 973 2710 grauitas!

66 2742 180 2813 quanta
202 2732 389 2794 constantia!
417 2731 464 2791 bis
487 2730 630 2790 maritum
654 2738 756 2791 secuta
781 2729 814 2789 in
836 2727 973 2788 exsilium

67 2839 120 2905 est,
137 2831 228 2892 tertio
242 2830 307 2909 ipsa
325 2836 450 2909 propter
467 2828 610 2887 maritum
632 2828 771 2907 relegata.
816 2847 886 2887 nam
906 2846 975 2887 eum
1003 2842 1020 2900 5

23 2958 53 3011 25
67 2929 191 2990 Senecio
205 2948 274 2989 reus
291 2935 378 3001 esset,
395 2925 477 3005 quod
496 2924 535 2986 de
553 2925 618 2985 uita
640 2924 765 2986 Heluidi
785 2924 877 2988 libros
899 2946 975 2987 eom-

68 3084 80 3133 1
115 3081 309 3148 probatumque
342 3083 368 3129 m
400 3081 625 3144 prouocatumque
655 3091 707 3130 oua
736 3079 975 3146 peruulgatumque

66 3163 190 3228 Scluefer
205 3166 432 3228 peruagatumque
449 3160 508 3213 oso

102 3253 144 3296 so
161 3247 191 3296 18
203 3262 255 3295 non
265 3249 337 3295 metu
346 3247 453 3295 tantum
462 3254 515 3295 oua
525 3244 701 3296 nonensem
711 3247 819 3294 cursu
840 3243 881 3294 <u
889 3241 999 3293 danim

64 3329 269 3378 maisarssou
874 3325 877 3330 ’
