2250 3698
150 214 205 273 87.
224 215 268 278 (V.
278 219 304 279 ὅ)
400 217 600 270 EPISTVLAE
622 220 812 274 sumeres.
1028 224 1059 278 75

150 371 350 425 commutasse
377 374 432 425 aut
459 368 646 446 praeterisse,
676 368 802 428 fortasse
827 370 917 430 etiam
941 391 979 430 ex
1003 392 1058 431 suo

150 460 271 536 iudicio,
288 464 427 542 quamuis
441 464 505 544 ipse
519 466 594 525 nihil
614 466 727 527 dixerit
747 468 828 527 mihi.
872 478 964 548 atque
985 470 1058 530 haec
1071 474 1103 531 11

150 561 196 622 ita
209 560 340 640 disputo,
353 563 439 641 quasi
452 563 598 643 populum
612 565 644 625 in
658 565 850 640 auditorium,
863 588 923 627 non
938 567 969 627 in
979 568 1056 629 cubi·

149 659 253 721 culum
267 661 378 722 amicos
398 661 579 737 aduocarim,
602 684 678 742 quos
699 665 800 744 plures
821 665 932 726 habere
952 666 1057 726 multis

120 771 136 826 5
149 758 323 840 gloriosum,
340 760 563 840 reprehensioni
578 761 691 822 nemini
704 762 771 823 fuit.
814 763 889 824 uale.

510 974 561 1031 37.
596 976 640 1036 (V·
660 978 696 1037 5.)

289 1085 318 1138 0.
338 1085 486 1137 PLINIVS
504 1085 619 1139 NOVIO
636 1088 789 1140 MAXIMO
806 1089 874 1141 SVO
892 1089 917 1142 S.

192 1198 374 1260 Nuntiatum
403 1175 476 1259 mihi
505 1209 551 1260 est
579 1199 611 1261 O.
637 1200 787 1261 Fannium
815 1202 982 1277 decessisse,
1005 1203 1058 1282 qui
1087 1215 1103 1272 1

151 1298 277 1358 nuntius
287 1319 333 1358 me
344 1299 431 1379 graui
442 1297 544 1358 dolore
555 1298 701 1371 confudit,
714 1300 852 1379 primum,
866 1300 947 1377 quod
958 1301 1057 1361 amaui

107 1427 139 1464 10
151 1396 303 1457 hominem
328 1395 504 1477 elegantem,
524 1396 679 1470 disertum,
702 1396 819 1470 deinde,
842 1397 923 1476 quod
947 1397 1057 1460 iudicio

151 1495 215 1554 eius
230 1494 275 1554 uti
289 1493 428 1554 solebam.
472 1502 536 1554 erat
554 1495 633 1554 enim
650 1504 759 1555 natura
775 1504 888 1570 acutus,
906 1516 962 1556 usu
977 1516 1058 1557 exer-

151 1593 269 1666 citatus,
287 1592 416 1653 ueritate
430 1593 680 1672 promptissimus.
723 1595 810 1675 angit
825 1615 873 1655 me
890 1616 979 1676 super
1000 1595 1058 1656 ista
1087 1604 1104 1661 2

151 1710 236 1751 casus
255 1691 364 1770 ipsius:
386 1683 514 1751 decessit
534 1693 630 1752 ueteri
649 1701 839 1767 testamento,
861 1693 962 1753 omisit
982 1713 1057 1771 quos

150 1789 280 1849 maxime
294 1788 447 1869 diligebat,
461 1801 637 1869 prosecutus
652 1800 698 1852 est
712 1791 821 1870 quibus
832 1793 971 1853 offensior
983 1800 1055 1853 erat.

105 1912 137 1966 15
151 1887 205 1948 sed
218 1887 275 1948 hoc
288 1895 452 1966 utcumque
470 1888 633 1963 tolerabile,
649 1891 772 1970 grauius
791 1889 875 1963 illud,
894 1890 976 1968 quod
994 1889 1057 1970 pul-

150 1985 330 2046 cherrimum
345 2006 420 2064 opus
434 1986 643 2066 imperfectum
654 1987 784 2066 reliquit.
829 1988 966 2066 quamuis
977 1988 1057 2048 enim
1085 2002 1102 2059 3

150 2084 274 2165 agendis
291 2084 387 2145 causis
405 2084 646 2166 distringeretur,
667 2085 816 2145 scribebat
835 2093 936 2145 tamen
957 2086 1056 2146 exitus

150 2182 313 2243 occisorum
340 2192 395 2244 aut
422 2182 625 2264 relegatorum
648 2205 666 2243 a
694 2181 821 2256 Nerone,
848 2191 880 2243 et
906 2183 967 2242 iam
995 2192 1056 2245 tres

150 2280 241 2341 libros
268 2282 447 2355 absolueret,
479 2282 604 2342 subtiles
631 2290 662 2342 et
689 2281 849 2361 diligentes
878 2288 909 2341 et
933 2280 1057 2342 Latinos

104 2411 138 2447 20
150 2387 242 2459 atque
260 2380 341 2441 inter
358 2401 524 2442 sermonem
546 2381 761 2458 historiamque
780 2380 953 2453 medicaea
970 2388 1056 2442 tanto

150 2479 245 2560 magis
265 2479 396 2558 reliquos
417 2480 558 2559 perlicere
579 2479 720 2559 cupiebat
737 2487 850 2555 quanto
869 2478 1056 2556 frequentius

150 2577 182 2638 hi
202 2577 424 2641 lectitabantur.
468 2580 542 2639 mihi
560 2588 661 2640 autem
679 2578 801 2638 uidetur
817 2577 924 2638 acerba
941 2597 1057 2657 semper
1085 2587 1103 2643 4

150 2677 351 2738 etimmatura
361 2699 441 2739 mors
454 2701 556 2740 eorum
569 2681 621 2759 qui
633 2676 802 2739 immortale
813 2674 928 2755 aliquid
938 2684 1055 2755 parant.

150 2797 220 2838 nam
247 2779 308 2864 qui
323 2779 531 2859 uoluptatibus
560 2779 656 2841 dediti
680 2777 765 2858 quasi
785 2777 817 2836 in
844 2775 924 2835 diem
946 2775 1057 2850 uiuunt

104 2892 136 2946 25
150 2875 273 2938 uiuendi
301 2899 404 2938 causas
432 2878 541 2940 cotidie
570 2879 681 2939 finiunt
691 2901 700 2952 3
737 2877 789 2956 qui
818 2895 890 2936 uero
920 2882 1056 2954 posteros

148 3008 262 3075 2atque
278 3010 342 3061 haee
359 3012 398 3061 ita
415 3010 523 3077 disputo
539 3015 594 3063 Bra
609 3018 689 3077 atque
707 3012 747 3062 ite
764 3011 813 3062 hoe
831 3011 939 3078 disputo
955 3024 990 3061 ou
1009 3009 1055 3061 sed

150 3086 213 3138 haec
225 3089 263 3138 ita
274 3087 383 3154 disputo
394 3093 421 3138 u

182 3175 223 3219 ⁸¹7
263 3171 448 3222 8nuntiatum
476 3172 541 3220 mihi
569 3175 610 3220 est
637 3176 664 3221 u
691 3172 831 3221 nuntiatur
859 3172 1010 3232 (nonciatur
1037 3176 1056 3221 F

148 3247 290 3299 nunciatur
312 3251 341 3309 n)
361 3249 426 3298 mihi
445 3253 535 3300 Broua
577 3251 606 3301 ll
624 3255 725 3302 natura
742 3253 841 3303 acutus
854 3253 954 3300 ssuaa.
968 3253 1072 3297 uentus

143 3328 238 3375 natura
252 3330 283 3376 Π
314 3328 349 3378 12
365 3330 494 3396 ueritate]
510 3330 641 3387 ubertate
655 3333 808 3387 Mommsen
