2250 3698
133 244 188 304 Μ.
207 242 269 306 (ΠΙ.
279 246 306 307 5)
380 242 581 297 EPISTVLAE
602 242 794 298 smntrnu.
1008 243 1042 299 58

132 391 332 454 minutissima
358 391 504 472 scriptos;
533 412 593 471 qua
614 392 731 453 ratione
753 391 970 471 multiplicatur
991 391 1041 453 hio

131 509 283 551 numerus
326 489 477 551 referebat
497 489 560 569 ipse
574 491 708 571 potuisse
722 511 762 563 se,
778 511 845 551 oum
866 499 1041 570 procuraret

132 588 165 648 in
179 588 334 667 Hispania,
350 588 480 650 uendere
494 588 549 649 hos
563 589 791 650 commentarios
811 588 916 649 Larcio
936 587 1040 649 Licino

132 686 361 769 quadringentis
383 687 503 747 milibus
530 708 695 760 nummum,
725 695 757 749 et
790 695 862 747 tunc
886 687 1040 766 aliquanto

105 804 120 858 5
132 786 287 866 pauciores
303 793 395 846 erant.

174 881 284 943 Nonne
312 881 435 942 uidetur
469 882 526 943 tibi
561 883 731 944 recordanti
753 891 901 962 quantum
922 881 1086 963 legerit,18

132 989 281 1059 quantum
319 979 478 1059 scripserit,
518 1000 572 1041 nec
610 981 643 1040 in
674 981 776 1041 officiis
809 979 878 1040 ullis
912 1000 967 1041 nac
1008 980 1040 1040 in

132 1078 265 1138 amicitia
299 1077 442 1158 principis
465 1077 566 1152 fuisse,
595 1099 707 1151 rursus,
743 1099 811 1139 cum
846 1076 933 1139 audis
967 1077 1040 1156 quid

132 1176 243 1238 studiis
270 1176 380 1237 laboris
408 1177 598 1257 impenderit,
624 1197 679 1237 nec
708 1177 858 1256 scripsisse
886 1177 960 1236 satis
987 1196 1041 1237 nec

89 1293 120 1332 ro
131 1275 260 1357 legisset
287 1274 361 1354 quid
376 1282 422 1334 est
433 1275 512 1336 enim
523 1275 605 1354 quod
616 1295 676 1336 non
687 1283 742 1335 aut
755 1274 824 1334 illae
833 1273 1041 1354 occupationes

132 1371 278 1452 impedire
288 1380 343 1433 aut
356 1372 429 1432 haec
439 1373 585 1433 instantia
593 1393 653 1434 non
666 1372 762 1452 possit
777 1373 909 1433 efficeret
938 1373 1041 1452 itaque
1054 1385 1087 1443 19

133 1470 214 1531 soleo
229 1469 335 1544 ridere,
346 1491 414 1532 oum
428 1491 476 1531 me
485 1471 608 1550 quidam
623 1471 792 1532 studiosum
806 1478 923 1546 uocant,
939 1471 1000 1551 qui,
1016 1472 1041 1532 si

133 1588 287 1648 comparer
314 1569 367 1642 illi,
392 1590 459 1629 sum
480 1569 738 1631 desidiosissimus.
758 1647 760 1651 Α
782 1589 838 1651 ego
854 1578 956 1631 autom
977 1579 1041 1631 tan-

133 1676 208 1742 tum,
233 1688 323 1746 quem
347 1668 459 1749 partim
484 1669 603 1748 publica
625 1670 736 1749 partim
757 1669 921 1730 amicorum
946 1669 1041 1730 officia

89 1780 119 1834 15
133 1765 343 1848 distringuntl
359 1766 426 1844 quis
438 1787 476 1827 ex
485 1766 551 1827 istis
560 1767 612 1845 qui
624 1775 690 1828 tota
701 1768 766 1828 uita
779 1767 889 1828 litteris
900 1766 1040 1828 adsident

133 1864 259 1925 collatus
293 1864 338 1924 illi
366 1885 426 1925 non
461 1865 546 1943 quasi
574 1886 678 1926 somno
706 1875 737 1926 et
764 1866 891 1926 inertiae
918 1864 1040 1926 deditus

132 1962 308 2023 erubescat'l

173 2059 306 2120 Extendi
322 2059 489 2140 epistulam,
502 2081 571 2121 oum
584 2062 640 2121 hoc
655 2061 752 2120 solum
773 2059 855 2138 quod
869 2060 1040 2140 requirebas
1053 2076 1086 2135 m

133 2158 261 2220 scribere
278 2158 482 2232 destinassem,
501 2180 576 2238 quos
598 2159 689 2220 libros
708 2159 895 2238 reliquisset:
924 2159 1040 2220 confido

87 2265 236 2317 aotamen
263 2256 335 2317 haec
370 2277 490 2336 quoque
524 2257 580 2317 tibi
609 2278 670 2318 non
699 2258 798 2329 minus
832 2265 919 2340 grata
950 2277 1040 2335 quam

133 2355 213 2434 ipsos
234 2354 327 2415 libros
342 2354 454 2427 futura,
477 2375 553 2434 quae
568 2363 600 2417 te
621 2377 682 2416 non
703 2364 824 2417 tantum
837 2356 875 2416 ad
896 2356 1040 2438 legendos

134 2473 184 2513 eos
211 2473 318 2520 nerum
354 2454 444 2514 etiam
472 2453 512 2514 ad
547 2454 643 2515 simile
675 2454 789 2534 aliquid
825 2454 1040 2517 elaborandum

134 2559 260 2630 possunt
274 2551 483 2613 aemulationis
498 2553 627 2614 stimulis
642 2554 781 2615 excitare.
824 2554 899 2615 uale.

136 2752 148 2800 l
165 2750 339 2801 minutissime
350 2749 418 2801 uvf
427 2751 610 2802 minutissimis
621 2757 712 2803 Brona
744 2755 759 2803 3
773 2752 855 2803 larcio
867 2757 901 2802 Bo
913 2751 992 2802 lartio
1003 2765 1040 2804 ua

135 2831 199 2895 (aad
215 2848 276 2896 app.
291 2835 319 2894 Ρ)
335 2832 420 2898 largio
436 2839 485 2883 HV
500 2833 579 2883 licina
596 2839 644 2885 HV
659 2835 749 2886 licinio
766 2835 826 2900 (Ly·
840 2837 867 2896 a)
885 2840 974 2886 Bl'oua
1008 2837 1039 2887 13

134 2928 300 2980 compararer
316 2919 335 2964 B
373 2917 403 2966 18
420 2931 479 2965 oum
496 2920 587 2967 Brona
603 2917 724 2981 quamuis
740 2921 789 2966 HV
825 2917 855 2966 21
874 2933 978 2984 quaa...
993 2931 1035 2969 111.

135 2996 838 3064 11.sp1urnoen.a,aw0uavasaavoqtaneooe
890 3019 892 3022 ·

595 3170 659 3215 st...
