<?xml version="1.0" encoding="UTF-8"?>
<!DOCTYPE html PUBLIC "-//W3C//DTD XHTML 1.0 Transitional//EN"
    "http://www.w3.org/TR/xhtml1/DTD/xhtml1-transitional.dtd">
<html xmlns="http://www.w3.org/1999/xhtml" xml:lang="en" lang="en">
 <head>
  <title>
</title>
<meta http-equiv="Content-Type" content="text/html;charset=utf-8" />
  <meta name='ocr-system' content='tesseract 3.04.00' />
  <meta name='ocr-capabilities' content='ocr_page ocr_carea ocr_par ocr_line ocrx_word'/>
</head>
<body>
  <div class='ocr_page' id='page_1' title='image "./selectedletters02merrgoog_0168.png"; bbox 0 0 2250 3698; ppageno 0'>
   <div class='ocr_carea' id='block_1_1' title="bbox 133 227 1041 296">
    <p class='ocr_par' dir='ltr' id='par_1_1' title="bbox 133 227 1041 296">
     <span class='ocr_line' id='line_1_1' title="bbox 133 227 1041 296; baseline 0.01 -14"><span class='ocrx_word' id='word_1_1' title='bbox 133 227 187 290; x_wconf 65' lang='lat'><strong>54.</strong></span> <span class='ocrx_word' id='word_1_2' title='bbox 205 232 332 296; x_wconf 69' lang='lat' dir='ltr'><strong>(vuar)</strong></span> <span class='ocrx_word' id='word_1_3' title='bbox 384 231 586 287; x_wconf 81' lang='lat' dir='ltr'>EPISTVLAE</span> <span class='ocrx_word' id='word_1_4' title='bbox 603 232 794 288; x_wconf 77' lang='lat' dir='ltr'>SELECTAE.</span> <span class='ocrx_word' id='word_1_5' title='bbox 994 236 1041 292; x_wconf 78' lang='lat'><strong>107</strong></span> 
     </span>
    </p>
   </div>
   <div class='ocr_carea' id='block_1_2' title="bbox 107 377 1085 1047">
    <p class='ocr_par' dir='ltr' id='par_1_2' title="bbox 133 377 1040 538">
     <span class='ocr_line' id='line_1_2' title="bbox 133 377 1040 462; baseline 0.004 -22"><span class='ocrx_word' id='word_1_6' title='bbox 133 377 328 460; x_wconf 86' lang='lat' dir='ltr'><strong>sepeliuntur.</strong></span> <span class='ocrx_word' id='word_1_7' title='bbox 385 379 493 442; x_wconf 88' lang='lat' dir='ltr'><strong>domus</strong></span> <span class='ocrx_word' id='word_1_8' title='bbox 523 389 629 462; x_wconf 87' lang='lat' dir='ltr'><strong>postea</strong></span> <span class='ocrx_word' id='word_1_9' title='bbox 659 382 718 442; x_wconf 91' lang='lat' dir='ltr'><strong>rite</strong></span> <span class='ocrx_word' id='word_1_10' title='bbox 745 381 874 444; x_wconf 87' lang='lat' dir='ltr'><strong>conditis</strong></span> <span class='ocrx_word' id='word_1_11' title='bbox 901 383 1040 444; x_wconf 89' lang='lat' dir='ltr'><strong>manibus</strong></span> 
     </span>
     <span class='ocr_line' id='line_1_3' title="bbox 134 477 239 538; baseline -0.01 0"><span class='ocrx_word' id='word_1_12' title='bbox 134 477 239 538; x_wconf 85' lang='lat' dir='ltr'><strong>caruit.</strong></span> 
     </span>
    </p>

    <p class='ocr_par' dir='ltr' id='par_1_3' title="bbox 107 573 1085 1047">
     <span class='ocr_line' id='line_1_4' title="bbox 174 573 1085 654; baseline 0.009 -20"><span class='ocrx_word' id='word_1_13' title='bbox 174 573 215 634; x_wconf 87' lang='lat' dir='ltr'><strong>Et</strong></span> <span class='ocrx_word' id='word_1_14' title='bbox 235 574 308 636; x_wconf 88' lang='lat' dir='ltr'><strong>haec</strong></span> <span class='ocrx_word' id='word_1_15' title='bbox 329 575 451 654; x_wconf 91' lang='lat' dir='ltr'><strong>quidem</strong></span> <span class='ocrx_word' id='word_1_16' title='bbox 472 575 701 637; x_wconf 87' lang='lat' dir='ltr'><strong>adfirmantibus</strong></span> <span class='ocrx_word' id='word_1_17' title='bbox 722 576 830 653; x_wconf 89' lang='lat' dir='ltr'><strong>credo;</strong></span> <span class='ocrx_word' id='word_1_18' title='bbox 861 575 937 637; x_wconf 94' lang='lat' dir='ltr'><strong>illud</strong></span> <span class='ocrx_word' id='word_1_19' title='bbox 953 576 1039 638; x_wconf 85' lang='lat' dir='ltr'><strong>edfir·</strong></span> <span class='ocrx_word' id='word_1_20' title='bbox 1053 583 1085 642; x_wconf 84' lang='lat'><strong>12</strong></span> 
     </span>
     <span class='ocr_line' id='line_1_5' title="bbox 134 670 1037 752; baseline 0.004 -21"><span class='ocrx_word' id='word_1_21' title='bbox 134 690 217 732; x_wconf 86' lang='lat' dir='ltr'><strong>mare</strong></span> <span class='ocrx_word' id='word_1_22' title='bbox 231 670 297 731; x_wconf 89' lang='lat' dir='ltr'><strong>aliis</strong></span> <span class='ocrx_word' id='word_1_23' title='bbox 310 691 439 752; x_wconf 86' lang='lat' dir='ltr'><strong>possum</strong></span> <span class='ocrx_word' id='word_1_24' title='bbox 482 682 529 734; x_wconf 86' lang='lat' dir='ltr'><strong>est</strong></span> <span class='ocrx_word' id='word_1_25' title='bbox 541 674 667 734; x_wconf 87' lang='lat' dir='ltr'><strong>libertus</strong></span> <span class='ocrx_word' id='word_1_26' title='bbox 680 673 763 749; x_wconf 93' lang='lat' dir='ltr'><strong>mibi,</strong></span> <span class='ocrx_word' id='word_1_27' title='bbox 780 694 840 735; x_wconf 91' lang='lat' dir='ltr'><strong>non</strong></span> <span class='ocrx_word' id='word_1_28' title='bbox 854 674 1037 735; x_wconf 72' lang='lat' dir='ltr'><strong>illitteratus.</strong></span> 
     </span>
     <span class='ocr_line' id='line_1_6' title="bbox 107 769 1040 851; baseline 0.002 -20"><span class='ocrx_word' id='word_1_29' title='bbox 107 781 204 838; x_wconf 75' lang='lat' dir='ltr'><strong>scum</strong></span> <span class='ocrx_word' id='word_1_30' title='bbox 231 769 286 830; x_wconf 94' lang='lat' dir='ltr'><strong>hoc</strong></span> <span class='ocrx_word' id='word_1_31' title='bbox 309 769 408 831; x_wconf 91' lang='lat' dir='ltr'><strong>minor</strong></span> <span class='ocrx_word' id='word_1_32' title='bbox 429 770 524 832; x_wconf 87' lang='lat' dir='ltr'><strong>frater</strong></span> <span class='ocrx_word' id='word_1_33' title='bbox 551 771 657 833; x_wconf 87' lang='lat' dir='ltr'><strong>eodem</strong></span> <span class='ocrx_word' id='word_1_34' title='bbox 685 772 763 833; x_wconf 91' lang='lat' dir='ltr'><strong>lecto</strong></span> <span class='ocrx_word' id='word_1_35' title='bbox 791 773 970 851; x_wconf 75' lang='lat' dir='ltr'><strong>quiescebat.</strong></span> <span class='ocrx_word' id='word_1_36' title='bbox 1013 773 1040 834; x_wconf 93' lang='lat' dir='ltr'><strong>is</strong></span> 
     </span>
     <span class='ocr_line' id='line_1_7' title="bbox 134 867 1039 949; baseline 0.007 -23"><span class='ocrx_word' id='word_1_37' title='bbox 134 867 219 927; x_wconf 87' lang='lat' dir='ltr'><strong>uisus</strong></span> <span class='ocrx_word' id='word_1_38' title='bbox 239 875 286 928; x_wconf 90' lang='lat' dir='ltr'><strong>est</strong></span> <span class='ocrx_word' id='word_1_39' title='bbox 310 868 367 928; x_wconf 88' lang='lat' dir='ltr'><strong>sibi</strong></span> <span class='ocrx_word' id='word_1_40' title='bbox 391 888 512 930; x_wconf 87' lang='lat' dir='ltr'><strong>cernere</strong></span> <span class='ocrx_word' id='word_1_41' title='bbox 537 870 687 949; x_wconf 86' lang='lat' dir='ltr'><strong>quendam</strong></span> <span class='ocrx_word' id='word_1_42' title='bbox 712 871 744 930; x_wconf 92' lang='lat' dir='ltr'><strong>in</strong></span> <span class='ocrx_word' id='word_1_43' title='bbox 765 878 833 932; x_wconf 91' lang='lat' dir='ltr'><strong>toro</strong></span> <span class='ocrx_word' id='word_1_44' title='bbox 856 871 1039 933; x_wconf 76' lang='lat' dir='ltr'><strong>residentem</strong></span> 
     </span>
     <span class='ocr_line' id='line_1_8' title="bbox 134 963 1039 1047; baseline 0.006 -22"><span class='ocrx_word' id='word_1_45' title='bbox 134 963 407 1045; x_wconf 74' lang='lat' dir='ltr'><strong>admonentemque</strong></span> <span class='ocrx_word' id='word_1_46' title='bbox 432 967 523 1047; x_wconf 88' lang='lat' dir='ltr'><strong>capiti</strong></span> <span class='ocrx_word' id='word_1_47' title='bbox 552 987 606 1029; x_wconf 88' lang='lat' dir='ltr'><strong>suo</strong></span> <span class='ocrx_word' id='word_1_48' title='bbox 634 967 747 1030; x_wconf 87' lang='lat' dir='ltr'><strong>cultros</strong></span> <span class='ocrx_word' id='word_1_49' title='bbox 769 976 863 1047; x_wconf 89' lang='lat' dir='ltr'><strong>atque</strong></span> <span class='ocrx_word' id='word_1_50' title='bbox 887 970 979 1030; x_wconf 89' lang='lat' dir='ltr'><strong>etiam</strong></span> <span class='ocrx_word' id='word_1_51' title='bbox 1000 988 1039 1030; x_wconf 88' lang='lat' dir='ltr'><strong>ex</strong></span> 
     </span>
    </p>
   </div>
   <div class='ocr_carea' id='block_1_3' title="bbox 89 1065 1086 3092">
    <p class='ocr_par' dir='ltr' id='par_1_4' title="bbox 135 1065 1039 1247">
     <span class='ocr_line' id='line_1_9' title="bbox 135 1065 1039 1149; baseline 0.007 -24"><span class='ocrx_word' id='word_1_52' title='bbox 135 1065 210 1146; x_wconf 39' lang='lat' dir='ltr'><strong>ipso,</strong></span> <span class='ocrx_word' id='word_1_53' title='bbox 228 1066 341 1127; x_wconf 90' lang='lat' dir='ltr'><strong>uertice</strong></span> <span class='ocrx_word' id='word_1_54' title='bbox 367 1074 576 1147; x_wconf 80' lang='lat' dir='ltr'><strong>amputantem</strong></span> <span class='ocrx_word' id='word_1_55' title='bbox 598 1068 727 1148; x_wconf 87' lang='lat' dir='ltr'><strong>capillos.</strong></span> <span class='ocrx_word' id='word_1_56' title='bbox 770 1068 824 1129; x_wconf 94' lang='lat' dir='ltr'><strong>ubi</strong></span> <span class='ocrx_word' id='word_1_57' title='bbox 843 1068 954 1143; x_wconf 87' lang='lat' dir='ltr'><strong>illuxit,</strong></span> <span class='ocrx_word' id='word_1_58' title='bbox 975 1069 1039 1149; x_wconf 92' lang='lat' dir='ltr'><strong>ipse</strong></span> 
     </span>
     <span class='ocr_line' id='line_1_10' title="bbox 135 1163 1037 1247; baseline 0.003 -23"><span class='ocrx_word' id='word_1_59' title='bbox 135 1163 214 1225; x_wconf 88' lang='lat' dir='ltr'><strong>cirea</strong></span> <span class='ocrx_word' id='word_1_60' title='bbox 240 1164 384 1225; x_wconf 87' lang='lat' dir='ltr'><strong>uerticem</strong></span> <span class='ocrx_word' id='word_1_61' title='bbox 412 1172 524 1239; x_wconf 87' lang='lat' dir='ltr'><strong>tonsus,</strong></span> <span class='ocrx_word' id='word_1_62' title='bbox 552 1166 651 1247; x_wconf 93' lang='lat' dir='ltr'><strong>capilli</strong></span> <span class='ocrx_word' id='word_1_63' title='bbox 678 1167 810 1228; x_wconf 87' lang='lat' dir='ltr'><strong>iacentes</strong></span> <span class='ocrx_word' id='word_1_64' title='bbox 837 1167 1037 1245; x_wconf 88' lang='lat' dir='ltr'><strong>reperiuntur.</strong></span> 
     </span>
    </p>

    <p class='ocr_par' dir='ltr' id='par_1_5' title="bbox 92 1263 1086 1740">
     <span class='ocr_line' id='line_1_11' title="bbox 92 1263 1086 1346; baseline -0.005 -20"><span class='ocrx_word' id='word_1_65' title='bbox 92 1276 125 1318; x_wconf 83' lang='lat'><strong>10</strong></span> <span class='ocrx_word' id='word_1_66' title='bbox 136 1263 280 1346; x_wconf 83' lang='lat' dir='ltr'><strong>exiguum</strong></span> <span class='ocrx_word' id='word_1_67' title='bbox 307 1264 452 1345; x_wconf 89' lang='lat' dir='ltr'><strong>temporis</strong></span> <span class='ocrx_word' id='word_1_68' title='bbox 479 1264 621 1339; x_wconf 91' lang='lat' dir='ltr'><strong>medium,</strong></span> <span class='ocrx_word' id='word_1_69' title='bbox 647 1273 679 1326; x_wconf 89' lang='lat' dir='ltr'><strong>et</strong></span> <span class='ocrx_word' id='word_1_70' title='bbox 706 1285 810 1326; x_wconf 89' lang='lat' dir='ltr'><strong>rursus</strong></span> <span class='ocrx_word' id='word_1_71' title='bbox 837 1265 934 1326; x_wconf 90' lang='lat' dir='ltr'><strong>simile</strong></span> <span class='ocrx_word' id='word_1_72' title='bbox 958 1265 1086 1327; x_wconf 82' lang='lat' dir='ltr'><strong>aliud13</strong></span> 
     </span>
     <span class='ocr_line' id='line_1_12' title="bbox 136 1361 1040 1445; baseline 0.002 -23"><span class='ocrx_word' id='word_1_73' title='bbox 136 1363 228 1442; x_wconf 89' lang='lat' dir='ltr'><strong>priori</strong></span> <span class='ocrx_word' id='word_1_74' title='bbox 243 1362 333 1423; x_wconf 88' lang='lat' dir='ltr'><strong>fidem</strong></span> <span class='ocrx_word' id='word_1_75' title='bbox 347 1362 426 1424; x_wconf 84' lang='lat' dir='ltr'><strong>iecit.</strong></span> <span class='ocrx_word' id='word_1_76' title='bbox 468 1383 544 1443; x_wconf 89' lang='lat' dir='ltr'><strong>puer</strong></span> <span class='ocrx_word' id='word_1_77' title='bbox 561 1363 594 1424; x_wconf 93' lang='lat' dir='ltr'><strong>in</strong></span> <span class='ocrx_word' id='word_1_78' title='bbox 615 1361 799 1444; x_wconf 83' lang='lat' dir='ltr'><strong>paedagogio</strong></span> <span class='ocrx_word' id='word_1_79' title='bbox 818 1364 932 1424; x_wconf 82' lang='lat' dir='ltr'><strong>mixtus</strong></span> <span class='ocrx_word' id='word_1_80' title='bbox 949 1363 1040 1445; x_wconf 92' lang='lat' dir='ltr'><strong>pluri-</strong></span> 
     </span>
     <span class='ocr_line' id='line_1_13' title="bbox 136 1461 1039 1544; baseline 0.002 -22"><span class='ocrx_word' id='word_1_81' title='bbox 136 1461 193 1522; x_wconf 93' lang='lat' dir='ltr'><strong>bus</strong></span> <span class='ocrx_word' id='word_1_82' title='bbox 206 1461 391 1522; x_wconf 89' lang='lat' dir='ltr'><strong>dormiebat:</strong></span> <span class='ocrx_word' id='word_1_83' title='bbox 413 1469 564 1521; x_wconf 89' lang='lat' dir='ltr'><strong>uenerunt</strong></span> <span class='ocrx_word' id='word_1_84' title='bbox 577 1480 632 1540; x_wconf 90' lang='lat' dir='ltr'><strong>per</strong></span> <span class='ocrx_word' id='word_1_85' title='bbox 648 1461 793 1522; x_wconf 81' lang='lat' dir='ltr'><strong>fenestras</strong></span> <span class='ocrx_word' id='word_1_86' title='bbox 808 1463 865 1540; x_wconf 91' lang='lat' dir='ltr'><strong>(ita</strong></span> <span class='ocrx_word' id='word_1_87' title='bbox 877 1461 993 1544; x_wconf 85' lang='lat' dir='ltr'><strong>narrat)</strong></span> <span class='ocrx_word' id='word_1_88' title='bbox 1007 1463 1039 1524; x_wconf 90' lang='lat' dir='ltr'><strong>in</strong></span> 
     </span>
     <span class='ocr_line' id='line_1_14' title="bbox 135 1558 1040 1641; baseline 0.003 -21"><span class='ocrx_word' id='word_1_89' title='bbox 135 1558 246 1620; x_wconf 91' lang='lat' dir='ltr'><strong>tunicis</strong></span> <span class='ocrx_word' id='word_1_90' title='bbox 267 1558 343 1619; x_wconf 86' lang='lat' dir='ltr'><strong>albis</strong></span> <span class='ocrx_word' id='word_1_91' title='bbox 366 1558 428 1619; x_wconf 94' lang='lat' dir='ltr'><strong>duo</strong></span> <span class='ocrx_word' id='word_1_92' title='bbox 449 1559 669 1638; x_wconf 84' lang='lat' dir='ltr'><strong>cubantemque</strong></span> <span class='ocrx_word' id='word_1_93' title='bbox 690 1559 903 1634; x_wconf 87' lang='lat' dir='ltr'><strong>detonderunt,</strong></span> <span class='ocrx_word' id='word_1_94' title='bbox 926 1568 959 1622; x_wconf 88' lang='lat' dir='ltr'><strong>et</strong></span> <span class='ocrx_word' id='word_1_95' title='bbox 980 1581 1040 1641; x_wconf 88' lang='lat' dir='ltr'><strong>qua</strong></span> 
     </span>
     <span class='ocr_line' id='line_1_15' title="bbox 134 1656 1039 1740; baseline 0.002 -22"><span class='ocrx_word' id='word_1_96' title='bbox 134 1663 282 1718; x_wconf 84' lang='lat' dir='ltr'><strong>uenerant</strong></span> <span class='ocrx_word' id='word_1_97' title='bbox 292 1663 484 1717; x_wconf 81' lang='lat' dir='ltr'><strong>recessenmt</strong></span> <span class='ocrx_word' id='word_1_98' title='bbox 511 1656 720 1737; x_wconf 90' lang='lat' dir='ltr'><strong>huncquoque</strong></span> <span class='ocrx_word' id='word_1_99' title='bbox 730 1666 851 1720; x_wconf 87' lang='lat' dir='ltr'><strong>tonsum</strong></span> <span class='ocrx_word' id='word_1_100' title='bbox 863 1676 1039 1740; x_wconf 85' lang='lat' dir='ltr'><strong>sparsosque</strong></span> 
     </span>
    </p>

    <p class='ocr_par' dir='ltr' id='par_1_6' title="bbox 95 1753 1086 2226">
     <span class='ocr_line' id='line_1_16' title="bbox 95 1753 1086 1835; baseline 0.002 -21"><span class='ocrx_word' id='word_1_101' title='bbox 95 1776 105 1814; x_wconf 89' lang='lat'>1</span> <span class='ocrx_word' id='word_1_102' title='bbox 110 1753 213 1829; x_wconf 68' lang='lat' dir='ltr'><strong>scirca</strong></span> <span class='ocrx_word' id='word_1_103' title='bbox 231 1754 354 1835; x_wconf 83' lang='lat' dir='ltr'><strong>capillos</strong></span> <span class='ocrx_word' id='word_1_104' title='bbox 372 1753 437 1815; x_wconf 91' lang='lat' dir='ltr'><strong>dies</strong></span> <span class='ocrx_word' id='word_1_105' title='bbox 458 1755 598 1816; x_wconf 89' lang='lat' dir='ltr'><strong>ostendit.</strong></span> <span class='ocrx_word' id='word_1_106' title='bbox 641 1755 718 1817; x_wconf 92' lang='lat' dir='ltr'><strong>nihil</strong></span> <span class='ocrx_word' id='word_1_107' title='bbox 739 1756 872 1817; x_wconf 86' lang='lat' dir='ltr'><strong>notabile</strong></span> <span class='ocrx_word' id='word_1_108' title='bbox 893 1766 1037 1832; x_wconf 89' lang='lat' dir='ltr'><strong>secutum,</strong></span> <span class='ocrx_word' id='word_1_109' title='bbox 1052 1753 1086 1812; x_wconf 84' lang='lat'><strong>14</strong></span> 
     </span>
     <span class='ocr_line' id='line_1_17' title="bbox 136 1850 1037 1931; baseline 0.004 -20"><span class='ocrx_word' id='word_1_110' title='bbox 136 1850 194 1912; x_wconf 91' lang='lat' dir='ltr'><strong>nisi</strong></span> <span class='ocrx_word' id='word_1_111' title='bbox 210 1850 289 1913; x_wconf 84' lang='lat' dir='ltr'><strong>forte</strong></span> <span class='ocrx_word' id='word_1_112' title='bbox 308 1852 389 1931; x_wconf 94' lang='lat' dir='ltr'><strong>quod</strong></span> <span class='ocrx_word' id='word_1_113' title='bbox 408 1872 469 1912; x_wconf 92' lang='lat' dir='ltr'><strong>non</strong></span> <span class='ocrx_word' id='word_1_114' title='bbox 489 1853 533 1912; x_wconf 86' lang='lat' dir='ltr'><strong>fui</strong></span> <span class='ocrx_word' id='word_1_115' title='bbox 553 1873 630 1928; x_wconf 90' lang='lat' dir='ltr'><strong>reus,</strong></span> <span class='ocrx_word' id='word_1_116' title='bbox 646 1853 775 1928; x_wconf 87' lang='lat' dir='ltr'><strong>futurus,</strong></span> <span class='ocrx_word' id='word_1_117' title='bbox 792 1854 817 1914; x_wconf 88' lang='lat' dir='ltr'><strong>ei</strong></span> <span class='ocrx_word' id='word_1_118' title='bbox 838 1853 1037 1929; x_wconf 86' lang='lat' dir='ltr'><strong>Domitianus,</strong></span> 
     </span>
     <span class='ocr_line' id='line_1_18' title="bbox 135 1947 1040 2028; baseline 0.002 -18"><span class='ocrx_word' id='word_1_119' title='bbox 135 1947 192 2010; x_wconf 91' lang='lat' dir='ltr'><strong>sub</strong></span> <span class='ocrx_word' id='word_1_120' title='bbox 215 1968 275 2028; x_wconf 94' lang='lat' dir='ltr'><strong>quo</strong></span> <span class='ocrx_word' id='word_1_121' title='bbox 297 1949 370 2011; x_wconf 91' lang='lat' dir='ltr'><strong>haec</strong></span> <span class='ocrx_word' id='word_1_122' title='bbox 393 1949 573 2025; x_wconf 88' lang='lat' dir='ltr'><strong>acciderunt,</strong></span> <span class='ocrx_word' id='word_1_123' title='bbox 596 1950 711 2011; x_wconf 89' lang='lat' dir='ltr'><strong>diutius</strong></span> <span class='ocrx_word' id='word_1_124' title='bbox 734 1951 866 2012; x_wconf 87' lang='lat' dir='ltr'><strong>uixisset.</strong></span> <span class='ocrx_word' id='word_1_125' title='bbox 911 1972 980 2012; x_wconf 89' lang='lat' dir='ltr'><strong>nam</strong></span> <span class='ocrx_word' id='word_1_126' title='bbox 1007 1953 1040 2012; x_wconf 90' lang='lat' dir='ltr'><strong>in</strong></span> 
     </span>
     <span class='ocr_line' id='line_1_19' title="bbox 135 2046 1040 2125; baseline 0.002 -16"><span class='ocrx_word' id='word_1_127' title='bbox 135 2046 246 2109; x_wconf 90' lang='lat' dir='ltr'><strong>scrinio</strong></span> <span class='ocrx_word' id='word_1_128' title='bbox 260 2047 323 2109; x_wconf 91' lang='lat' dir='ltr'><strong>eius</strong></span> <span class='ocrx_word' id='word_1_129' title='bbox 338 2047 428 2108; x_wconf 86' lang='lat' dir='ltr'><strong>datus</strong></span> <span class='ocrx_word' id='word_1_130' title='bbox 442 2069 461 2108; x_wconf 89' lang='lat' dir='ltr'><strong>a</strong></span> <span class='ocrx_word' id='word_1_131' title='bbox 475 2047 553 2109; x_wconf 86' lang='lat' dir='ltr'><strong>Oaro</strong></span> <span class='ocrx_word' id='word_1_132' title='bbox 567 2047 605 2109; x_wconf 87' lang='lat' dir='ltr'><strong>dc</strong></span> <span class='ocrx_word' id='word_1_133' title='bbox 619 2067 667 2108; x_wconf 87' lang='lat' dir='ltr'><strong>me</strong></span> <span class='ocrx_word' id='word_1_134' title='bbox 680 2046 800 2108; x_wconf 88' lang='lat' dir='ltr'><strong>libellus</strong></span> <span class='ocrx_word' id='word_1_135' title='bbox 814 2049 957 2110; x_wconf 84' lang='lat' dir='ltr'><strong>inuentus</strong></span> <span class='ocrx_word' id='word_1_136' title='bbox 976 2057 1040 2125; x_wconf 80' lang='lat' dir='ltr'><strong>est3</strong></span> 
     </span>
     <span class='ocr_line' id='line_1_20' title="bbox 135 2145 1040 2226; baseline 0.002 -20"><span class='ocrx_word' id='word_1_137' title='bbox 135 2164 175 2206; x_wconf 84' lang='lat' dir='ltr'><strong>ex</strong></span> <span class='ocrx_word' id='word_1_138' title='bbox 185 2165 246 2224; x_wconf 92' lang='lat' dir='ltr'><strong>quo</strong></span> <span class='ocrx_word' id='word_1_139' title='bbox 256 2145 414 2207; x_wconf 87' lang='lat' dir='ltr'><strong>coniectari</strong></span> <span class='ocrx_word' id='word_1_140' title='bbox 426 2153 536 2226; x_wconf 90' lang='lat' dir='ltr'><strong>potest,</strong></span> <span class='ocrx_word' id='word_1_141' title='bbox 546 2146 617 2225; x_wconf 91' lang='lat' dir='ltr'><strong>quia</strong></span> <span class='ocrx_word' id='word_1_142' title='bbox 627 2146 686 2206; x_wconf 87' lang='lat' dir='ltr'><strong>reis</strong></span> <span class='ocrx_word' id='word_1_143' title='bbox 694 2146 786 2207; x_wconf 88' lang='lat' dir='ltr'><strong>morie</strong></span> <span class='ocrx_word' id='word_1_144' title='bbox 797 2153 843 2206; x_wconf 87' lang='lat' dir='ltr'><strong>est</strong></span> <span class='ocrx_word' id='word_1_145' title='bbox 851 2146 1040 2208; x_wconf 90' lang='lat' dir='ltr'><strong>summittere</strong></span> 
     </span>
    </p>

    <p class='ocr_par' dir='ltr' id='par_1_7' title="bbox 89 2243 1040 2425">
     <span class='ocr_line' id='line_1_21' title="bbox 89 2243 1040 2325; baseline 0.004 -23"><span class='ocrx_word' id='word_1_146' title='bbox 89 2243 285 2325; x_wconf 79' lang='lat' dir='ltr'><strong>aocapillum,</strong></span> <span class='ocrx_word' id='word_1_147' title='bbox 307 2245 417 2305; x_wconf 89' lang='lat' dir='ltr'><strong>recisos</strong></span> <span class='ocrx_word' id='word_1_148' title='bbox 441 2264 577 2306; x_wconf 89' lang='lat' dir='ltr'><strong>meorum</strong></span> <span class='ocrx_word' id='word_1_149' title='bbox 600 2243 721 2325; x_wconf 87' lang='lat' dir='ltr'><strong>capillos</strong></span> <span class='ocrx_word' id='word_1_150' title='bbox 743 2244 861 2323; x_wconf 90' lang='lat' dir='ltr'><strong>depulsi</strong></span> <span class='ocrx_word' id='word_1_151' title='bbox 884 2244 964 2325; x_wconf 90' lang='lat' dir='ltr'><strong>quod</strong></span> <span class='ocrx_word' id='word_1_152' title='bbox 988 2245 1040 2306; x_wconf 95' lang='lat' dir='ltr'><strong>im-</strong></span> 
     </span>
     <span class='ocr_line' id='line_1_22' title="bbox 135 2342 654 2425; baseline 0.012 -22"><span class='ocrx_word' id='word_1_153' title='bbox 135 2342 270 2404; x_wconf 91' lang='lat' dir='ltr'><strong>minebat</strong></span> <span class='ocrx_word' id='word_1_154' title='bbox 283 2343 407 2423; x_wconf 91' lang='lat' dir='ltr'><strong>periculi</strong></span> <span class='ocrx_word' id='word_1_155' title='bbox 421 2344 541 2425; x_wconf 86' lang='lat' dir='ltr'><strong>signum</strong></span> <span class='ocrx_word' id='word_1_156' title='bbox 554 2342 654 2410; x_wconf 86' lang='lat' dir='ltr'><strong>fuisse.</strong></span> 
     </span>
    </p>

    <p class='ocr_par' dir='ltr' id='par_1_8' title="bbox 135 2440 1086 2719">
     <span class='ocr_line' id='line_1_23' title="bbox 176 2440 1086 2523; baseline 0 -22"><span class='ocrx_word' id='word_1_157' title='bbox 176 2440 308 2503; x_wconf 90' lang='lat' dir='ltr'><strong>Proinde</strong></span> <span class='ocrx_word' id='word_1_158' title='bbox 329 2461 403 2523; x_wconf 87' lang='lat' dir='ltr'><strong>rogo</strong></span> <span class='ocrx_word' id='word_1_159' title='bbox 427 2443 627 2504; x_wconf 90' lang='lat' dir='ltr'><strong>eruditionem</strong></span> <span class='ocrx_word' id='word_1_160' title='bbox 650 2451 734 2505; x_wconf 89' lang='lat' dir='ltr'><strong>tuam</strong></span> <span class='ocrx_word' id='word_1_161' title='bbox 758 2443 905 2505; x_wconf 81' lang='lat' dir='ltr'><strong>intendas.</strong></span> <span class='ocrx_word' id='word_1_162' title='bbox 948 2441 1086 2522; x_wconf 82' lang='lat' dir='ltr'><strong>dignalb</strong></span> 
     </span>
     <span class='ocr_line' id='line_1_24' title="bbox 135 2538 1040 2621; baseline 0.003 -22"><span class='ocrx_word' id='word_1_163' title='bbox 135 2558 184 2600; x_wconf 89' lang='lat' dir='ltr'><strong>res</strong></span> <span class='ocrx_word' id='word_1_164' title='bbox 211 2546 258 2600; x_wconf 90' lang='lat' dir='ltr'><strong>eet</strong></span> <span class='ocrx_word' id='word_1_165' title='bbox 285 2560 375 2619; x_wconf 90' lang='lat' dir='ltr'><strong>quam</strong></span> <span class='ocrx_word' id='word_1_166' title='bbox 402 2538 457 2601; x_wconf 91' lang='lat' dir='ltr'><strong>diu</strong></span> <span class='ocrx_word' id='word_1_167' title='bbox 484 2538 674 2621; x_wconf 92' lang='lat' dir='ltr'><strong>multumque</strong></span> <span class='ocrx_word' id='word_1_168' title='bbox 702 2538 891 2603; x_wconf 87' lang='lat' dir='ltr'><strong>consideres:</strong></span> <span class='ocrx_word' id='word_1_169' title='bbox 922 2561 960 2602; x_wconf 88' lang='lat' dir='ltr'><strong>na</strong></span> <span class='ocrx_word' id='word_1_170' title='bbox 985 2561 1040 2621; x_wconf 86' lang='lat' dir='ltr'><strong>ego</strong></span> 
     </span>
     <span class='ocr_line' id='line_1_25' title="bbox 135 2635 1037 2719; baseline 0.002 -23"><span class='ocrx_word' id='word_1_171' title='bbox 135 2635 257 2716; x_wconf 92' lang='lat' dir='ltr'><strong>quidem</strong></span> <span class='ocrx_word' id='word_1_172' title='bbox 284 2637 427 2719; x_wconf 84' lang='lat' dir='ltr'><strong>indignus</strong></span> <span class='ocrx_word' id='word_1_173' title='bbox 454 2639 502 2699; x_wconf 93' lang='lat' dir='ltr'><strong>cui</strong></span> <span class='ocrx_word' id='word_1_174' title='bbox 530 2640 645 2718; x_wconf 92' lang='lat' dir='ltr'><strong>copiam</strong></span> <span class='ocrx_word' id='word_1_175' title='bbox 673 2639 814 2700; x_wconf 85' lang='lat' dir='ltr'><strong>scientiae</strong></span> <span class='ocrx_word' id='word_1_176' title='bbox 841 2647 912 2699; x_wconf 89' lang='lat' dir='ltr'><strong>tuae</strong></span> <span class='ocrx_word' id='word_1_177' title='bbox 939 2638 1037 2700; x_wconf 84' lang='lat' dir='ltr'><strong>facies.</strong></span> 
     </span>
    </p>

    <p class='ocr_par' dir='ltr' id='par_1_9' title="bbox 89 2734 1086 3092">
     <span class='ocr_line' id='line_1_26' title="bbox 89 2734 1086 2817; baseline -0.001 -23"><span class='ocrx_word' id='word_1_178' title='bbox 89 2750 122 2807; x_wconf 79' lang='lat'><strong>25</strong></span> <span class='ocrx_word' id='word_1_179' title='bbox 135 2734 207 2796; x_wconf 87' lang='lat' dir='ltr'><strong>licet</strong></span> <span class='ocrx_word' id='word_1_180' title='bbox 220 2735 311 2796; x_wconf 92' lang='lat' dir='ltr'><strong>etiam</strong></span> <span class='ocrx_word' id='word_1_181' title='bbox 325 2744 485 2816; x_wconf 87' lang='lat' dir='ltr'><strong>utramque</strong></span> <span class='ocrx_word' id='word_1_182' title='bbox 499 2737 531 2797; x_wconf 92' lang='lat' dir='ltr'><strong>in</strong></span> <span class='ocrx_word' id='word_1_183' title='bbox 545 2744 670 2817; x_wconf 85' lang='lat' dir='ltr'><strong>partem,</strong></span> <span class='ocrx_word' id='word_1_184' title='bbox 687 2743 722 2796; x_wconf 92' lang='lat' dir='ltr'><strong>ut</strong></span> <span class='ocrx_word' id='word_1_185' title='bbox 741 2735 825 2808; x_wconf 88' lang='lat' dir='ltr'><strong>soles,</strong></span> <span class='ocrx_word' id='word_1_186' title='bbox 841 2735 985 2815; x_wconf 89' lang='lat' dir='ltr'><strong>disputes,</strong></span> <span class='ocrx_word' id='word_1_187' title='bbox 1002 2757 1041 2798; x_wconf 84' lang='lat' dir='ltr'><strong>ex</strong></span> <span class='ocrx_word' id='word_1_188' title='bbox 1052 2734 1086 2794; x_wconf 76' lang='lat'><strong>16</strong></span> 
     </span>
     <span class='ocr_line' id='line_1_27' title="bbox 135 2833 1040 2915; baseline 0.003 -22"><span class='ocrx_word' id='word_1_189' title='bbox 135 2833 231 2894; x_wconf 88' lang='lat' dir='ltr'><strong>altera</strong></span> <span class='ocrx_word' id='word_1_190' title='bbox 251 2842 353 2895; x_wconf 86' lang='lat' dir='ltr'><strong>tamen</strong></span> <span class='ocrx_word' id='word_1_191' title='bbox 373 2834 489 2908; x_wconf 90' lang='lat' dir='ltr'><strong>fortius,</strong></span> <span class='ocrx_word' id='word_1_192' title='bbox 508 2855 545 2895; x_wconf 93' lang='lat' dir='ltr'><strong>ne</strong></span> <span class='ocrx_word' id='word_1_193' title='bbox 566 2854 614 2895; x_wconf 93' lang='lat' dir='ltr'><strong>me</strong></span> <span class='ocrx_word' id='word_1_194' title='bbox 635 2853 813 2914; x_wconf 86' lang='lat' dir='ltr'><strong>suspensum</strong></span> <span class='ocrx_word' id='word_1_195' title='bbox 832 2834 1040 2915; x_wconf 88' lang='lat' dir='ltr'><strong>incertumque</strong></span> 
     </span>
     <span class='ocr_line' id='line_1_28' title="bbox 135 2929 1040 3005; baseline 0.003 -14"><span class='ocrx_word' id='word_1_196' title='bbox 135 2929 279 3005; x_wconf 80' lang='lat' dir='ltr'><strong>dimittas,</strong></span> <span class='ocrx_word' id='word_1_197' title='bbox 296 2952 364 2993; x_wconf 91' lang='lat' dir='ltr'><strong>cum</strong></span> <span class='ocrx_word' id='word_1_198' title='bbox 379 2932 453 2992; x_wconf 93' lang='lat' dir='ltr'><strong>mihi</strong></span> <span class='ocrx_word' id='word_1_199' title='bbox 464 2931 638 2993; x_wconf 86' lang='lat' dir='ltr'><strong>consulendi</strong></span> <span class='ocrx_word' id='word_1_200' title='bbox 649 2952 738 2992; x_wconf 92' lang='lat' dir='ltr'><strong>causa</strong></span> <span class='ocrx_word' id='word_1_201' title='bbox 750 2931 845 2993; x_wconf 88' lang='lat' dir='ltr'><strong>fuerit</strong></span> <span class='ocrx_word' id='word_1_202' title='bbox 854 2940 890 2993; x_wconf 92' lang='lat' dir='ltr'><strong>ut</strong></span> <span class='ocrx_word' id='word_1_203' title='bbox 900 2931 1040 2994; x_wconf 86' lang='lat' dir='ltr'><strong>dubitare</strong></span> 
     </span>
     <span class='ocr_line' id='line_1_29' title="bbox 135 3027 428 3092; baseline 0.01 -3"><span class='ocrx_word' id='word_1_204' title='bbox 135 3027 310 3091; x_wconf 89' lang='lat' dir='ltr'><strong>desinerem.</strong></span> <span class='ocrx_word' id='word_1_205' title='bbox 354 3030 428 3092; x_wconf 87' lang='lat' dir='ltr'><strong>nale.</strong></span> 
     </span>
    </p>
   </div>
   <div class='ocr_carea' id='block_1_4' title="bbox 0 0 1130 3698">
    <p class='ocr_par' dir='ltr' id='par_1_10' title="bbox 0 0 1130 3698">
     <span class='ocr_line' id='line_1_30' title="bbox 0 0 1130 3698; baseline 0 0"><span class='ocrx_word' id='word_1_206' title='bbox 0 0 1130 3698; x_wconf 95' lang='lat' dir='ltr'><strong> </strong></span> 
     </span>
    </p>
   </div>
  </div>
 </body>
</html>
