2250 3698
149 227 202 287 oe.
220 228 264 292 (n
276 230 323 291 cn
398 228 599 281 nersrvmn
616 229 808 282 sannorum
831 213 834 220 '
1007 230 1054 288 nr

460 456 513 514 94.
548 457 593 520 (Χ.
612 459 645 511 52
662 459 738 521 [60].)

278 573 307 626 O.
327 573 476 627 PLINIVS
493 574 661 627 TRAIANO
677 573 916 635 IMPERATORI

188 690 285 763 Diem,
296 690 425 765 domine,
438 710 499 770 quo
513 691 641 752 seruasti
654 691 814 772 imperium
829 690 903 751 dum
917 691 1051 771 suscipis,

147 795 262 875 quanta
275 789 398 850 mereris
412 789 530 850 laetitia
548 789 773 863 celebrauimus,
791 791 905 871 precati
924 789 996 851 deos
1017 798 1053 850 ut

120 903 134 958 5
147 893 179 947 te
192 887 296 967 generi
309 886 449 962 humano,
465 889 550 949 ouius
563 888 661 950 tutela
675 897 707 950 et
720 889 863 950 securitas
877 888 968 949 saluti
982 895 1052 950 tuae

146 985 246 1046 innisa
284 994 338 1059 est,
374 986 555 1047 incolumem
594 988 812 1065 florentemque
851 994 1049 1066 praestarent.

147 1084 328 1165 praeiuimus
356 1093 388 1145 et
415 1085 668 1146 commilitonibus
699 1085 747 1145 ius
773 1084 935 1146 iurandum
968 1104 1051 1145 more

147 1181 293 1256 sollemni,
309 1181 413 1244 eadem
426 1182 659 1267 prouincialibus
673 1190 808 1244 certante
822 1183 935 1263 pietate
955 1184 1053 1243 iuran-

147 1280 237 1342 tibus.

104 1491 136 1528 ¹⁰
462 1482 514 1541 95.
549 1484 592 1547 (X.
613 1485 646 1536 53
662 1486 737 1548 [el].)

425 1600 613 1686 TRAIANVS
636 1593 768 1655 PLINIO.

189 1717 311 1794 Quanta
323 1717 468 1798 religione
483 1725 514 1779 et
528 1717 646 1778 laetitia
664 1717 882 1780 commilitones
901 1737 971 1779 cum
987 1737 1053 1798 pro

150 1815 326 1878 uineialibus
348 1824 379 1877 te
399 1826 562 1896 praeeunte
580 1817 661 1878 diem
677 1816 796 1898 imperii
813 1817 873 1878 mei
887 1814 1053 1879 celebraue-

147 1916 211 1976 rint
234 1916 371 1990 libenter,
397 1915 439 1974 mi
460 1914 597 1976 Secunde
620 1915 779 1989 carissime,
797 1914 925 1996 eognoui
942 1913 1053 1979 litteris

105 2045 115 2081 1
119 2040 134 2095 5
148 2015 216 2076 tuis

463 2213 516 2273 96.
550 2215 596 2276 (Χ.
615 2217 647 2266 54
664 2215 740 2278 [cn-l

283 2333 312 2388 0.
332 2332 481 2385 PLINIVS
497 2330 663 2384 TRAIANO
680 2329 917 2383 IMPERATORI.

189 2450 338 2512 Pecuniae
372 2449 517 2531 publicae,
553 2447 682 2522 domine,
713 2447 904 2527 prouidentia
933 2454 988 2510 tua
1022 2443 1082 2510 etl

148 2550 315 2610 ministerio
336 2557 440 2609 nostro
461 2556 494 2609 et
514 2547 575 2607 iem
596 2554 719 2607 exactae
738 2553 810 2606 sunt
823 2554 856 2606 et
869 2546 1053 2627 exigrmtur3

103 2678 136 2715 20
148 2668 225 2727 quae
239 2668 345 2710 uereor
359 2667 398 2708 ne
418 2647 531 2708 otiosae
552 2646 676 2706 iaceant.
720 2664 791 2703 nam
811 2651 844 2703 et
863 2643 1053 2723 praediorum
1092 2717 1095 2724 .

148 2747 416 2828 comparandorum
437 2753 491 2806 eut
511 2743 594 2805 nulla
617 2751 672 2803 eut
692 2741 842 2802 rarissima
863 2742 976 2803 occasio
997 2751 1051 2818 est,

148 2866 203 2908 neo
216 2847 416 2908 inueniuntur
429 2845 482 2924 qui
496 2843 594 2904 uelint
609 2841 719 2903 debere
739 2840 784 2902 rei
805 2840 949 2922 publicae,
971 2861 1054 2921 prae

182 3005 223 3049 0⁴
242 3001 258 3051 5
275 3003 303 3049 te
312 3014 360 3049 om.
374 3012 392 3049 e
424 2997 440 3052 7
456 2995 599 3064 praeiimus
610 2999 648 3046 oa
657 2994 827 3060 praebuimus
837 2997 859 3044 A
869 3009 942 3044 more
953 2993 1054 3044 solenni

149 3082 240 3132 eadem
257 3079 464 3148 prouincialibus
483 3081 587 3129 certant
604 3080 734 3139 (certante
753 3077 937 3137 Mornmeenoe)
953 3075 1054 3141 pietate

149 3163 299 3216 iurantibus
309 3167 331 3214 A
343 3179 415 3213 more
426 3162 528 3213 solenni
541 3158 738 3225 praestantibus
750 3163 778 3209 et
789 3156 995 3224 prouincialibtu
1008 3158 1055 3223 qui

149 3246 241 3297 eadem
252 3249 389 3297 certarunt
399 3245 501 3310 pietate
512 3241 663 3293 iurantibus
673 3255 693 3293 1.

179 3333 219 3376 oo
234 3330 269 3378 12
283 3333 343 3379 etA
354 3344 386 3379 ac
397 3345 414 3380 a
448 3329 482 3380 14
499 3327 617 3396 cognoui
628 3326 762 3397 aagnoiu
773 3330 798 3380 k
