2250 3698
133 174 164 236 8.
182 176 215 240 (Ι.
230 178 270 240 12)
339 177 341 179 ’
380 175 581 228 EPISTVLAE
603 174 792 228 sunuc'rnss.
1010 131 1044 227 11Ι

132 325 278 406 plurimes
310 325 364 385 sed
390 323 657 385 inlitteratissimas
687 323 812 384 litteras.
870 321 950 384 soleo
977 329 1084 387 1111111

133 444 289 502 uunquam
314 425 397 503 (uam
415 423 448 484 id
469 424 568 503 ipsum
589 422 710 501 quando
731 422 880 502 contingit
892 421 911 501 1)
933 421 971 482 de
991 422 1038 482 his

133 522 378 602 occupationibus
392 521 473 602 apud
487 521 664 601 Euphraten
678 521 772 599 queri.
811 520 862 580 ille
876 540 924 580 me
939 540 1038 581 conso

132 620 222 693 latur,
235 620 375 680 adfirmet
389 621 481 680 etiam
491 639 555 680 esse
566 619 643 680 hanc
654 619 859 698 philosophiae
874 626 905 677 et
915 618 1038 696 quidem

105 739 120 793 5
132 717 365 797 pulcherrimam
401 725 528 797 partem,
565 737 654 798 egere
688 716 844 797 negotium
874 715 1035 795 publicum,

132 837 318 898 cognoscere,
338 816 478 889 iudicare,
504 836 641 895 promere
665 823 697 876 et
719 835 856 876 exercere
880 814 1035 886 iustitiam,

132 934 269 993 quaeque
296 913 354 992 ipsi
381 913 509 974 doceant
536 913 568 973 in
595 933 652 974 usu
675 913 794 973 habere.
837 912 911 972 mihi
935 919 1037 971 tamen
1050 915 1082 971 11

132 1012 189 1072 hoc
203 1031 298 1071 unum
312 1031 373 1070 non
386 1010 555 1090 persuadet,
572 1010 666 1070 satius
683 1031 746 1071 esse
763 1011 822 1070 ista
835 1010 932 1070 facere
947 1029 1037 1086 quam

132 1129 201 1170 cum
214 1108 268 1168 illo
282 1108 346 1168 dies
360 1116 441 1169 totos
455 1107 605 1168 audiendo
618 1108 820 1186 discendoque
834 1126 1015 1167 consumere.

90 1229 120 1266 ro
172 1207 241 1284 Quo
264 1207 359 1288 magis
383 1215 422 1280 te,
449 1207 497 1268 cui
524 1214 620 1279 uacat,
646 1207 758 1278 hortor,
785 1225 853 1265 oum
876 1204 908 1264 in
933 1204 1038 1264 urbem

131 1306 269 1386 proxime
292 1305 410 1365 ueneris
432 1304 548 1383 (uenias
562 1312 665 1365 autem
680 1304 718 1364 ob
732 1305 788 1365 hoc
802 1303 973 1381 maturius),
993 1302 1038 1362 illi

131 1412 163 1465 te
178 1403 391 1483 expoliendum
406 1403 632 1481 limandumque
646 1402 812 1482 permittas.
845 1421 942 1480 neque
957 1400 1037 1461 enim
1050 1400 1084 1457 12

131 1519 196 1579 ego,
213 1505 249 1558 ut
266 1497 363 1568 multi,
380 1497 502 1558 inuideo
516 1496 582 1556 aliis
596 1496 709 1556 bonum
723 1516 783 1574 quo
797 1496 860 1574 ipse
874 1514 968 1568 careo,
985 1494 1038 1554 sed

130 1604 237 1658 contra
250 1615 371 1656 sensum
385 1595 536 1674 quendam
551 1593 797 1673 uoluptatemque
808 1593 947 1673 percipio,
963 1593 988 1651 si
1003 1613 1038 1652 11

89 1714 209 1775 151111
223 1693 298 1754 mihi
312 1693 501 1774 denegantur
514 1692 617 1752 amicis
631 1691 720 1753 uideo
735 1712 896 1772 superesse.
939 1690 1015 1750 uale.

649 1961 673 1991 V

501 2013 530 2070 8.
566 2014 597 2075 (Ι.
620 2015 671 2075 12.)

239 2129 268 2183 G.
288 2129 436 2181 PLINIVS
454 2129 654 2181 CALES'I'RIO
672 2127 801 2179 TIRONI
819 2127 886 2179 SVO
904 2128 929 2180 S.

173 2247 325 2308 Iacturam
343 2247 553 2357 grauissimam
573 2246 639 2319 feci,
663 2245 688 2305 si
709 2247 824 2306 iactura
845 2246 971 2307 dicenda
992 2254 1038 2307 est
1067 2252 1083 2310 1

133 2345 211 2405 tanti
222 2345 281 2405 uiri
292 2345 418 2405 amissio.
455 2345 582 2405 decessit
594 2343 740 2405 Corellius
752 2343 857 2418 Rufus,
870 2353 901 2432 11
916 2344 1038 2424 quidem

88 2464 120 2502 ao
133 2450 248 2523 sponte,
277 2442 359 2521 quod
386 2442 520 2503 dolorem
548 2463 649 2502 meum
678 2441 838 2502 exulcerat.
883 2427 930 2504 111
958 2444 1038 2504 enim

132 2539 386 2601 luctuosissimum
404 2561 498 2620 genus
518 2540 623 2600 mortis
643 2560 719 2618 quae
733 2561 793 2600 non
809 2561 847 2600 ex
861 2549 970 2601 natura
984 2562 1038 2602 neo

133 2637 233 2703 fatalis
252 2636 382 2698 uidetur.
436 2659 506 2697 nam
530 2646 693 2716 utcumque
718 2638 749 2698 in
774 2638 833 2698 illis
858 2639 910 2718 qui
934 2639 1038 2700 morbo
1067 2642 1084 2698 2

133 2735 280 2797 finiuntur
300 2755 443 2817 magnum
465 2756 502 2796 ex
523 2735 588 2815 ipsa
609 2735 785 2795 necessitate
811 2736 954 2797 solacium
975 2743 1048 2811 estQ

133 2833 164 2892 iu
184 2833 221 2893 iis
236 2853 308 2894 uero
322 2853 397 2912 quos
416 2833 559 2893 accersita
580 2853 659 2892 mors
676 2833 775 2893 aufert
797 2832 845 2894 hic
865 2833 1039 2894 insanabilis

88 2949 119 3004 25
133 2931 219 2993 dolor
231 2940 285 3006 est,
301 2931 382 3010 quod
396 2932 561 2992 creduntur
571 2931 703 3010 potuisse
718 2931 771 2990 diu
785 2931 897 2993 uiuere.
941 2932 1039 2993 Corel-
1069 2937 1086 2994 3

133 3029 209 3091 lium
222 3029 345 3109 quidem
359 3049 475 3089 summa
488 3029 575 3101 ratic,
588 3048 665 3106 quae
680 3028 865 3108 sapientibus
876 3048 931 3108 pro
942 3048 1040 3090 neces

134 3194 165 3244 13
181 3192 280 3244 bonum
291 3196 381 3242 Brona
391 3191 459 3241 bono
470 3195 518 3242 HV

166 3283 188 3326 8
207 3277 237 3326 18
250 3275 302 3326 feei
313 3274 396 3325 vaa
406 3274 486 3325 feroci
498 3278 518 3324 B
528 3273 584 3324 fero
592 3278 645 3325 l’ou
