2250 3698
149 229 203 289 ca
221 230 280 294 (v1.
292 232 334 294 ao)
395 194 596 283 'unsarana
618 230 807 310 seuuemo.
1022 232 1053 287 ar

149 379 325 459 ingentique
336 379 455 460 agmine
465 379 604 440 abeuntis
616 380 725 458 premit
736 388 767 440 ct
777 380 912 460 impellit
944 381 1054 461 egressi
1082 379 1099 436 8

150 484 232 538 tecta
272 477 470 538 consistimus.
507 477 632 538 multa
672 478 714 538 ibi
755 479 899 553 miranda,
943 478 1055 539 multas

149 574 324 636 formidines
356 576 496 655 patimur.
554 597 623 637 nam
654 577 792 638 uehicula
823 597 899 656 quae
930 577 1054 657 produci

149 675 338 748 iusseramus‚
361 694 532 754 quanquam
554 675 586 734 in
607 674 780 754 planissimo
801 695 913 754 campo,
936 675 968 734 in
989 695 1054 736 con-

122 781 137 836 5
149 773 258 833 trarias
273 781 374 851 partes
388 773 563 852 agebantur,
576 793 610 833 ac
625 793 663 834 ne
677 772 827 852 lapidibus
841 772 964 853 quidem
978 773 1055 834 fulta

149 870 302 931 incudem
316 870 445 949 uestigio
464 871 664 950 quiescebant
708 879 864 950 praeterea
882 872 1009 932 marein
1023 890 1055 932 se
1087 873 1103 929 9

149 968 298 1028 resorberi
317 976 348 1028 et
368 975 499 1029 tremore
520 976 617 1029 terrac
637 970 723 1049 quasi
744 969 848 1049 repelli
869 969 1052 1030 uidebamus.

150 1074 231 1127 certe
245 1073 429 1145 processerat
443 1065 523 1140 litus,
540 1066 695 1146 multaque
712 1067 853 1128 animalia
867 1068 957 1127 maris
972 1068 1054 1129 siccis

150 1164 270 1225 harenis
295 1163 458 1225 detinebat.
511 1165 550 1225 ab
574 1164 669 1225 altero
693 1164 787 1225 latere
812 1165 906 1226 nubes
931 1173 997 1225 atra
1024 1172 1055 1225 et

106 1274 138 1312 10
150 1262 301 1324 horrenda
318 1262 399 1343 ignei
417 1262 541 1342 spiritus
561 1263 649 1323 tortis
668 1262 854 1342 uibratisque
872 1262 1055 1323 discursibus

150 1369 241 1441 rupta
280 1362 313 1421 in
353 1361 458 1442 longas
492 1361 680 1421 flammarum
715 1362 824 1440 figuras
859 1361 1053 1423 dehiscebat:

151 1459 320 1539 fulguribus
347 1459 416 1520 illae
445 1467 475 1519 et
503 1458 616 1520 similes
644 1468 675 1519 et
703 1460 831 1521 maiores
859 1469 953 1522 erant.

191 1557 269 1618 Tum
284 1577 356 1618 uero
374 1556 455 1617 idem
474 1556 525 1617 ille
546 1577 585 1617 cx
607 1557 753 1637 Hispania
773 1559 886 1619 amicus
907 1559 1003 1620 acrius
1024 1566 1056 1620 et
1069 1565 1101 1621 10

151 1655 313 1716 instantius
340 1655 383 1715 ‘si
408 1654 518 1715 frater'
542 1654 642 1735 inquit
669 1661 764 1729 ‘tuus
791 1664 862 1718 tuus
889 1657 1055 1719 auunculus

108 1765 137 1818 ι5
151 1753 238 1827 uiuit,
252 1753 318 1814 uult
329 1773 393 1814 esse
408 1773 463 1814 uos
474 1753 586 1829 saluos3
607 1754 631 1813 si
646 1755 743 1832 periit,
757 1756 934 1833 superstites
944 1757 1054 1817 uoluit:

151 1850 277 1931 proinde
301 1851 374 1931 quid
397 1852 519 1912 cessatis
543 1851 711 1913 euadere‘l'
763 1853 971 1933 respondimus
995 1875 1056 1915 non

151 1950 360 2012 commissuros
382 1970 436 2010 nos
461 1957 496 2010 ut
516 1950 554 2011 de
579 1951 676 2011 salute
700 1950 781 2011 illius
805 1951 911 2012 incerti
936 1961 1056 2013 nostrae

151 2049 380 2111 consuleremus.
452 2069 512 2108 non
551 2056 685 2109 moratus
726 2049 807 2109 ultra
846 2050 975 2129 proripit
1015 2059 1097 2125 sall

151 2149 304 2226 effusoque
329 2166 417 2207 cursu
439 2145 572 2224 periculo
594 2146 738 2206 aufertur.
789 2166 843 2208 nec
868 2148 964 2208 multo
988 2157 1056 2229 post

105 2246 202 2306 ²0illa
236 2246 330 2306 nubes
365 2244 545 2306 descendere
580 2245 610 2304 in
649 2253 752 2318 terras,
789 2246 906 2324 operire
940 2248 1054 2310 maria:

151 2344 286 2406 cinxerat
307 2344 438 2425 Capreas
459 2352 490 2404 et
511 2343 728 2404 absconderat:
757 2343 867 2405 Miseni
889 2345 969 2424 quod
991 2367 1056 2426 pro

151 2443 245 2504 currit
269 2442 442 2504 abstulerat.
487 2450 553 2502 tum
575 2450 671 2502 mater
693 2461 785 2518 orare,
809 2443 931 2515 hortari,
954 2443 1056 2504 iubare
1067 2450 1100 2506 12

151 2560 273 2620 quoquo
297 2540 387 2601 modo
408 2540 543 2621 fugerem
553 2563 561 2615 3
589 2560 675 2619 posse
699 2540 779 2600 enim
801 2541 949 2614 iuuenem,
973 2562 1004 2601 se
1025 2549 1056 2601 et

150 2638 237 2698 annis
262 2646 293 2698 at
317 2658 441 2717 corpore
466 2659 588 2717 manem
616 2638 692 2699 benc
717 2639 903 2714 morituram,
929 2639 954 2700 si
982 2638 1056 2699 mihi

105 2747 138 2802 25
151 2755 239 2797 causa
252 2737 358 2797 mortis
373 2758 433 2798 non
448 2737 563 2797 fuisset.
606 2757 661 2817 ego
677 2746 788 2810 contra,
805 2738 922 2798 saluum
937 2757 984 2799 me
999 2738 1056 2798 nisi

151 2855 211 2896 una
225 2855 286 2896 non
296 2835 450 2896 futurum:
470 2835 541 2895 dein
555 2855 677 2895 manum
692 2836 755 2896 eius
769 2836 933 2915 amplexus,
946 2835 1056 2897 addere
1118 2893 1120 2898 .

150 2933 278 3014 gradmn
300 2953 381 3014 cogo.
428 2941 514 3013 paret
535 2954 630 3012 aegre,
654 2934 832 3014 incusatque
854 2956 884 2996 se
905 2935 986 3015 quod
1009 2956 1056 2996 me

150 3041 292 3094 moretur.
344 3033 403 3094 iam
425 3033 507 3105 cinis,
531 3031 629 3093 adhuc
654 3040 755 3092 tamen
777 3053 881 3094 rarus:
910 3034 1036 3114 respicio
1048 3057 1056 3109 3
1069 3048 1102 3107 13

150 3129 243 3192 densa
268 3131 363 3212 caligo
391 3130 484 3211 tergis
508 3130 692 3205 imminebat,
719 3151 796 3210 quae
824 3152 886 3204 nos,
914 3132 1056 3192 torrentis

440 3339 475 3392 16
493 3338 557 3392 dein
568 3344 612 3392 lto
625 3339 777 3396 deindeua
