2250 3698
146 225 202 286 28.
220 225 283 291 (m
296 229 337 290 16)
395 224 597 280 EPISTVLAE
619 226 809 281 sabama
1023 227 1056 282 59

147 375 252 437 uiuere
263 374 360 435 filium
369 382 461 453 atque
472 374 564 435 etiam
572 374 803 437 commodiorem
813 395 876 436 esse
886 376 1054 451 simulabat,

146 489 336 550 acpersaepe
344 467 545 550 interroganti
556 468 630 548 quid
638 477 742 551 ageret
753 490 834 549 puer,
845 470 1054 550 respondebat,

150 568 243 629 ‘bene
258 567 383 647 quieuit,
400 567 530 629 libenter
548 567 648 628 cibum
667 567 813 648 sumpsit?
854 567 971 641 deinde,
987 573 1085 629 cumb

147 661 202 722 diu
230 660 380 722 cohibitae
408 660 546 722 lacrimae
574 662 731 722 uincerent
758 670 1053 742 prorumperentque,

119 758 377 842 5egrediebatur:
407 767 480 820 tunc
508 779 539 819 se
566 759 663 820 dolori
691 758 800 820 dabat:
832 760 949 832 satiata,
972 759 1056 820 siccis

148 856 251 931 oculis,
274 857 439 937 composito
465 856 555 917 uultu
579 856 705 930 redibat,
728 865 873 936 tanquam
895 857 1056 918 orbitatem

147 955 222 1016 foris
244 955 423 1033 reliquisset.
466 955 651 1035 praeclarum
672 954 794 1033 quidem
814 955 891 1015 illud
912 955 1086 1027 eiusdemss

148 1054 263 1114 farrum
272 1053 590 1134 stringere,perfodere
598 1053 875 1134 paetus,extrahere
884 1054 1054 1134 pugionem,

148 1152 302 1232 porrigere
316 1151 432 1224 marito,
449 1150 559 1211 addere
574 1171 678 1211 uocem
696 1150 896 1211 immortalem
910 1171 943 1211 ao
962 1169 1056 1229 paene

105 1277 137 1316 10
149 1248 286 1309 diuinam
305 1249 422 1320 ‘Paete,
441 1269 502 1308 non
519 1248 621 1309 dolet’
663 1247 715 1308 sad
730 1256 832 1308 tamen
848 1248 907 1307 ista
924 1246 1054 1320 facienti,

149 1346 264 1408 dicenti
285 1346 381 1428 gloria
405 1355 436 1407 et
460 1347 622 1407 aeternitas
647 1353 718 1406 ante
740 1344 840 1405 oculos
862 1351 966 1419 erant3
997 1364 1057 1422 quo

149 1445 247 1504 maius
274 1452 320 1505 ast
349 1445 412 1504 sine
440 1445 573 1524 praemio
601 1444 798 1517 aeternitatis,
828 1444 891 1503 sine
924 1443 1056 1523 praemio

149 1542 262 1624 gloriae
290 1542 400 1603 abdere
428 1542 572 1615 lacrimas,
599 1543 714 1622 operire
739 1541 863 1615 luctum,
889 1543 1056 1621 amissoque

149 1639 213 1700 lilio
226 1647 353 1699 matrem
367 1638 465 1699 adhuc
479 1659 576 1719 agere.

107 1761 137 1816 ις
192 1737 403 1798 Scribonianus
431 1757 515 1796 arma
550 1738 583 1796 in
611 1736 733 1816 Illyrico
761 1746 872 1800 contra.
896 1737 1087 1799 Claudium?

150 1844 300 1896 mouerat:
316 1835 416 1895 fuerat
427 1836 538 1895 Paetus
547 1836 579 1895 in
590 1836 740 1915 partibus:
754 1837 849 1896 occiso
861 1836 1056 1897 Scriboniano

151 1935 278 1994 Romam
296 1934 482 1994 trahebatur.
534 1941 599 1994 erat
617 1954 793 1994 ascensurus
810 1954 936 1994 nauem:
966 1933 1086 1996 Airia8

150 2032 262 2092 milites
283 2032 389 2092 orabat
403 2039 438 2092 ut
455 2032 544 2092 simul
565 2032 778 2111 imponeretur.
823 2038 946 2112 ‘nempe
960 2031 1057 2093 enim'

150 2130 251 2208 inquit
277 2129 394 2190 ‘daturi
416 2129 487 2190 estis
510 2129 658 2189 consulari
683 2129 749 2188 uiro
773 2129 907 2189 seruulos
931 2129 1055 2207 aliquos,

105 2249 279 2308 aequorum
301 2249 317 2288 e
339 2249 430 2288 manu
453 2227 552 2288 cibum
575 2227 715 2307 capiate
737 2227 845 2305 quibus
868 2227 1057 2300 uestiatur,a

151 2327 260 2406 quibus
282 2326 441 2387 calcietur:
464 2326 564 2386 omnia
586 2325 648 2386 sola
670 2325 846 2405 praestabo!
887 2347 948 2386 non
966 2327 1087 2406 impe-9

151 2425 262 2484 trauit:
300 2424 446 2484 conduxit
473 2425 664 2504 piscatoriam
690 2424 860 2485 nauiculam
891 2426 1056 2506 ingensque

151 2523 306 2604 nauigium
320 2524 444 2584 minimo
458 2533 560 2585 secuta
574 2531 628 2583 est.

190 2622 304 2682 Eadem
323 2623 404 2703 apud
424 2623 584 2684 Claudium
601 2622 689 2682 uxori
708 2620 902 2694 Scriboniani,
918 2641 986 2681 eum
1005 2619 1057 2680 illa

104 2735 137 2790 ²5
151 2720 344 2800 profiteretur
363 2721 515 2794 indicium,
536 2720 624 2801 ‘ego’
640 2719 740 2798 inquit
757 2725 804 2778 ‘te
822 2717 952 2791 audiam,
972 2716 1056 2778 cuius

150 2818 183 2879 in
196 2819 311 2901 gremio
325 2818 536 2879 Scribonianus
551 2819 663 2879 occisus
677 2825 731 2891 est,
745 2826 775 2877 at
789 2815 903 2877 uiuisl'
944 2836 982 2876 ex
996 2836 1056 2894 quo

150 2917 344 2978 manifestum
359 2927 405 2977 est
419 2917 446 2977 ei
465 2917 622 2977 consilium
636 2915 852 2997 pulcherrimae
872 2914 977 2976 moitis
994 2934 1055 2974 non

151 3081 167 3130 5
184 3078 410 3130 innormatum
421 3083 493 3131 Bl’ou
527 3081 558 3130 10
574 3083 651 3145 paata
663 3094 715 3129 non
727 3077 800 3128 dolet
814 3083 904 3129 Brona
918 3093 970 3127 nou
982 3076 1055 3127 dolet

151 3165 229 3226 pacta
245 3165 293 3211 btv
309 3160 361 3211 ista
377 3160 486 3212 facienti
502 3161 602 3211 dicenti
621 3166 676 3212 Bl'a
692 3161 745 3210 iata
761 3159 869 3209 facienti
880 3159 1055 3223 diligentique

151 3243 250 3294 euicta
261 3243 369 3294 facienti
382 3245 434 3294 ista
445 3243 545 3294 dicenti
558 3247 606 3293 HV
636 3244 666 3294 16
678 3242 763 3293 occiso
774 3246 865 3292 Brona
873 3245 902 3292 et
912 3239 1000 3291 occiso
1007 3243 1055 3291 Π

147 3326 184 3374 22
194 3326 342 3375 nauiculam
353 3331 446 3378 BFoua
456 3325 601 3378 nauculam
612 3329 661 3381 RV
