<?xml version="1.0" encoding="UTF-8"?>
<!DOCTYPE html PUBLIC "-//W3C//DTD XHTML 1.0 Transitional//EN"
    "http://www.w3.org/TR/xhtml1/DTD/xhtml1-transitional.dtd">
<html xmlns="http://www.w3.org/1999/xhtml" xml:lang="en" lang="en">
 <head>
  <title>
</title>
<meta http-equiv="Content-Type" content="text/html;charset=utf-8" />
  <meta name='ocr-system' content='tesseract 3.04.00' />
  <meta name='ocr-capabilities' content='ocr_page ocr_carea ocr_par ocr_line ocrx_word'/>
</head>
<body>
  <div class='ocr_page' id='page_1' title='image "./selectedletters02merrgoog_0130.png"; bbox 0 0 2250 3698; ppageno 0'>
   <div class='ocr_carea' id='block_1_1' title="bbox 55 213 963 282">
    <p class='ocr_par' dir='ltr' id='par_1_1' title="bbox 55 213 963 282">
     <span class='ocr_line' id='line_1_1' title="bbox 55 213 963 282; baseline 0 -11"><span class='ocrx_word' id='word_1_1' title='bbox 55 217 109 277; x_wconf 78' lang='grc'>33.</span> <span class='ocrx_word' id='word_1_2' title='bbox 127 219 187 282; x_wconf 86' lang='lat' dir='ltr'><strong>(IV.</strong></span> <span class='ocrx_word' id='word_1_3' title='bbox 198 216 239 281; x_wconf 81' lang='lat'>1³)</span> <span class='ocrx_word' id='word_1_4' title='bbox 302 213 502 270; x_wconf 74' lang='lat' dir='ltr'>EPISTVLAE</span> <span class='ocrx_word' id='word_1_5' title='bbox 524 216 713 271; x_wconf 78' lang='lat' dir='ltr'>SELECTAE.</span> <span class='ocrx_word' id='word_1_6' title='bbox 931 220 963 271; x_wconf 79' lang='lat'>69</span> 
     </span>
    </p>
   </div>
   <div class='ocr_carea' id='block_1_2' title="bbox 12 364 1037 3089">
    <p class='ocr_par' dir='ltr' id='par_1_2' title="bbox 55 364 1008 745">
     <span class='ocr_line' id='line_1_2' title="bbox 55 364 962 446; baseline -0.001 -19"><span class='ocrx_word' id='word_1_7' title='bbox 55 366 174 427; x_wconf 89' lang='lat' dir='ltr'>ambitu</span> <span class='ocrx_word' id='word_1_8' title='bbox 202 374 451 446; x_wconf 72' lang='lat' dir='ltr'>corrumperetur,</span> <span class='ocrx_word' id='word_1_9' title='bbox 477 372 513 425; x_wconf 90' lang='lat' dir='ltr'>ut</span> <span class='ocrx_word' id='word_1_10' title='bbox 539 364 673 426; x_wconf 88' lang='lat' dir='ltr'>accidere</span> <span class='ocrx_word' id='word_1_11' title='bbox 699 365 804 426; x_wconf 86' lang='lat' dir='ltr'>multis</span> <span class='ocrx_word' id='word_1_12' title='bbox 831 366 863 425; x_wconf 92' lang='lat' dir='ltr'>in</span> <span class='ocrx_word' id='word_1_13' title='bbox 890 365 962 427; x_wconf 91' lang='lat' dir='ltr'>locis</span> 
     </span>
     <span class='ocr_line' id='line_1_3' title="bbox 56 463 960 545; baseline -0.002 -19"><span class='ocrx_word' id='word_1_14' title='bbox 56 465 155 538; x_wconf 89' lang='lat' dir='ltr'>uideo,</span> <span class='ocrx_word' id='word_1_15' title='bbox 180 464 213 525; x_wconf 89' lang='lat' dir='ltr'>in</span> <span class='ocrx_word' id='word_1_16' title='bbox 237 464 347 543; x_wconf 84' lang='lat' dir='ltr'>quibus</span> <span class='ocrx_word' id='word_1_17' title='bbox 370 472 577 544; x_wconf 74' lang='lat' dir='ltr'>praeceptores</span> <span class='ocrx_word' id='word_1_18' title='bbox 601 463 720 545; x_wconf 91' lang='lat' dir='ltr'>publice</span> <span class='ocrx_word' id='word_1_19' title='bbox 744 464 960 524; x_wconf 89' lang='lat' dir='ltr'>conducuntur.</span> 
     </span>
     <span class='ocr_line' id='line_1_4' title="bbox 56 562 1008 643; baseline 0.001 -19"><span class='ocrx_word' id='word_1_20' title='bbox 56 563 128 624; x_wconf 90' lang='lat' dir='ltr'>huic</span> <span class='ocrx_word' id='word_1_21' title='bbox 148 562 225 624; x_wconf 88' lang='lat' dir='ltr'>uitio</span> <span class='ocrx_word' id='word_1_22' title='bbox 246 583 307 623; x_wconf 93' lang='lat' dir='ltr'>uno</span> <span class='ocrx_word' id='word_1_23' title='bbox 328 562 460 623; x_wconf 89' lang='lat' dir='ltr'>remedio</span> <span class='ocrx_word' id='word_1_24' title='bbox 481 562 595 623; x_wconf 90' lang='lat' dir='ltr'>occurri</span> <span class='ocrx_word' id='word_1_25' title='bbox 616 571 725 642; x_wconf 88' lang='lat' dir='ltr'>potest,</span> <span class='ocrx_word' id='word_1_26' title='bbox 741 563 767 623; x_wconf 91' lang='lat' dir='ltr'>si</span> <span class='ocrx_word' id='word_1_27' title='bbox 787 563 962 643; x_wconf 89' lang='lat' dir='ltr'>parentibus</span> <span class='ocrx_word' id='word_1_28' title='bbox 990 567 1008 625; x_wconf 86' lang='grc'><strong>7</strong></span> 
     </span>
     <span class='ocr_line' id='line_1_5' title="bbox 56 660 962 745; baseline -0.002 -23"><span class='ocrx_word' id='word_1_29' title='bbox 56 660 128 722; x_wconf 90' lang='lat' dir='ltr'>solis</span> <span class='ocrx_word' id='word_1_30' title='bbox 141 661 189 721; x_wconf 90' lang='lat' dir='ltr'>ius</span> <span class='ocrx_word' id='word_1_31' title='bbox 203 660 388 721; x_wconf 90' lang='lat' dir='ltr'>conducendi</span> <span class='ocrx_word' id='word_1_32' title='bbox 399 660 587 738; x_wconf 88' lang='lat' dir='ltr'>relinquatur</span> <span class='ocrx_word' id='word_1_33' title='bbox 600 660 755 745; x_wconf 85' lang='lat' dir='ltr'>isdemque</span> <span class='ocrx_word' id='word_1_34' title='bbox 766 660 871 741; x_wconf 90' lang='lat' dir='ltr'>religio</span> <span class='ocrx_word' id='word_1_35' title='bbox 881 668 962 722; x_wconf 89' lang='lat' dir='ltr'>recte</span> 
     </span>
    </p>

    <p class='ocr_par' dir='ltr' id='par_1_3' title="bbox 28 757 1008 1230">
     <span class='ocr_line' id='line_1_6' title="bbox 28 757 1008 837; baseline 0.001 -18"><span class='ocrx_word' id='word_1_36' title='bbox 28 758 211 830; x_wconf 75' lang='lat' dir='ltr'>siudicandi</span> <span class='ocrx_word' id='word_1_37' title='bbox 238 757 416 818; x_wconf 86' lang='lat' dir='ltr'>necessitate</span> <span class='ocrx_word' id='word_1_38' title='bbox 440 757 607 818; x_wconf 86' lang='lat' dir='ltr'>collationis</span> <span class='ocrx_word' id='word_1_39' title='bbox 631 757 769 818; x_wconf 87' lang='lat' dir='ltr'>addatur.</span> <span class='ocrx_word' id='word_1_40' title='bbox 812 778 882 818; x_wconf 90' lang='lat' dir='ltr'>nam</span> <span class='ocrx_word' id='word_1_41' title='bbox 910 758 963 837; x_wconf 93' lang='lat' dir='ltr'>qui</span> <span class='ocrx_word' id='word_1_42' title='bbox 991 762 1008 820; x_wconf 86' lang='lat'><strong>8</strong></span> 
     </span>
     <span class='ocr_line' id='line_1_7' title="bbox 55 854 962 936; baseline 0 -19"><span class='ocrx_word' id='word_1_43' title='bbox 55 856 184 917; x_wconf 86' lang='lat' dir='ltr'>fortasse</span> <span class='ocrx_word' id='word_1_44' title='bbox 198 856 236 916; x_wconf 91' lang='lat' dir='ltr'>de</span> <span class='ocrx_word' id='word_1_45' title='bbox 250 855 348 916; x_wconf 88' lang='lat' dir='ltr'>alieno</span> <span class='ocrx_word' id='word_1_46' title='bbox 369 854 570 936; x_wconf 79' lang='lat' dir='ltr'>neglegentes,</span> <span class='ocrx_word' id='word_1_47' title='bbox 586 864 666 916; x_wconf 88' lang='lat' dir='ltr'>certe</span> <span class='ocrx_word' id='word_1_48' title='bbox 681 856 719 916; x_wconf 90' lang='lat' dir='ltr'>de</span> <span class='ocrx_word' id='word_1_49' title='bbox 733 875 787 916; x_wconf 93' lang='lat' dir='ltr'>suo</span> <span class='ocrx_word' id='word_1_50' title='bbox 801 855 962 936; x_wconf 83' lang='lat' dir='ltr'>diligentes</span> 
     </span>
     <span class='ocr_line' id='line_1_8' title="bbox 55 951 962 1036; baseline -0.002 -21"><span class='ocrx_word' id='word_1_51' title='bbox 55 961 148 1015; x_wconf 77' lang='lat' dir='ltr'>enuit</span> <span class='ocrx_word' id='word_1_52' title='bbox 162 953 338 1032; x_wconf 89' lang='lat' dir='ltr'>dabuntque</span> <span class='ocrx_word' id='word_1_53' title='bbox 352 972 473 1031; x_wconf 89' lang='lat' dir='ltr'>operam</span> <span class='ocrx_word' id='word_1_54' title='bbox 486 973 524 1013; x_wconf 89' lang='lat' dir='ltr'>ne</span> <span class='ocrx_word' id='word_1_55' title='bbox 537 975 556 1013; x_wconf 93' lang='lat' dir='ltr'>a</span> <span class='ocrx_word' id='word_1_56' title='bbox 569 973 618 1013; x_wconf 90' lang='lat' dir='ltr'>me</span> <span class='ocrx_word' id='word_1_57' title='bbox 631 954 788 1034; x_wconf 90' lang='lat' dir='ltr'>pecuniam</span> <span class='ocrx_word' id='word_1_58' title='bbox 803 951 889 1036; x_wconf 85' lang='lat' dir='ltr'>[non]</span> <span class='ocrx_word' id='word_1_59' title='bbox 904 953 962 1014; x_wconf 93' lang='lat' dir='ltr'>nisi</span> 
     </span>
     <span class='ocr_line' id='line_1_9' title="bbox 55 1051 1008 1133; baseline 0.001 -21"><span class='ocrx_word' id='word_1_60' title='bbox 55 1051 168 1133; x_wconf 83' lang='lat' dir='ltr'>dignus</span> <span class='ocrx_word' id='word_1_61' title='bbox 178 1051 312 1131; x_wconf 89' lang='lat' dir='ltr'>accipiat,</span> <span class='ocrx_word' id='word_1_62' title='bbox 325 1051 351 1111; x_wconf 92' lang='lat' dir='ltr'>si</span> <span class='ocrx_word' id='word_1_63' title='bbox 364 1059 539 1131; x_wconf 87' lang='lat' dir='ltr'>accepturus</span> <span class='ocrx_word' id='word_1_64' title='bbox 554 1059 585 1111; x_wconf 93' lang='lat' dir='ltr'>et</span> <span class='ocrx_word' id='word_1_65' title='bbox 595 1051 634 1111; x_wconf 91' lang='lat' dir='ltr'>ab</span> <span class='ocrx_word' id='word_1_66' title='bbox 644 1051 716 1132; x_wconf 89' lang='lat' dir='ltr'>ipsis</span> <span class='ocrx_word' id='word_1_67' title='bbox 728 1052 793 1112; x_wconf 83' lang='lat' dir='ltr'>erit.</span> <span class='ocrx_word' id='word_1_68' title='bbox 836 1051 962 1132; x_wconf 88' lang='lat' dir='ltr'>proinde</span> <span class='ocrx_word' id='word_1_69' title='bbox 991 1054 1008 1113; x_wconf 86' lang='grc'>9</span> 
     </span>
     <span class='ocr_line' id='line_1_10' title="bbox 56 1149 963 1230; baseline 0.001 -20"><span class='ocrx_word' id='word_1_70' title='bbox 56 1149 233 1223; x_wconf 88' lang='lat' dir='ltr'>consentite,</span> <span class='ocrx_word' id='word_1_71' title='bbox 257 1149 425 1230; x_wconf 88' lang='lat' dir='ltr'>conspirate</span> <span class='ocrx_word' id='word_1_72' title='bbox 449 1149 651 1227; x_wconf 89' lang='lat' dir='ltr'>maioremque</span> <span class='ocrx_word' id='word_1_73' title='bbox 675 1151 809 1209; x_wconf 89' lang='lat' dir='ltr'>animum</span> <span class='ocrx_word' id='word_1_74' title='bbox 833 1169 872 1210; x_wconf 90' lang='lat' dir='ltr'>ex</span> <span class='ocrx_word' id='word_1_75' title='bbox 895 1169 963 1211; x_wconf 91' lang='lat' dir='ltr'>meo</span> 
     </span>
    </p>

    <p class='ocr_par' dir='ltr' id='par_1_4' title="bbox 12 1247 963 1719">
     <span class='ocr_line' id='line_1_11' title="bbox 12 1247 962 1327; baseline -0.004 -15"><span class='ocrx_word' id='word_1_76' title='bbox 12 1274 44 1312; x_wconf 89' lang='grc' dir='ltr'>ιο</span> <span class='ocrx_word' id='word_1_77' title='bbox 56 1248 177 1321; x_wconf 86' lang='lat' dir='ltr'>sumite,</span> <span class='ocrx_word' id='word_1_78' title='bbox 193 1247 245 1325; x_wconf 93' lang='lat' dir='ltr'>qui</span> <span class='ocrx_word' id='word_1_79' title='bbox 259 1248 347 1327; x_wconf 94' lang='lat' dir='ltr'>cupio</span> <span class='ocrx_word' id='word_1_80' title='bbox 362 1266 425 1307; x_wconf 89' lang='lat' dir='ltr'>esse</span> <span class='ocrx_word' id='word_1_81' title='bbox 440 1267 530 1325; x_wconf 90' lang='lat' dir='ltr'>quam</span> <span class='ocrx_word' id='word_1_82' title='bbox 550 1247 714 1327; x_wconf 91' lang='lat' dir='ltr'>plurimum</span> <span class='ocrx_word' id='word_1_83' title='bbox 735 1247 817 1324; x_wconf 91' lang='lat' dir='ltr'>quod</span> <span class='ocrx_word' id='word_1_84' title='bbox 837 1247 962 1308; x_wconf 79' lang='lat' dir='ltr'>debeam</span> 
     </span>
     <span class='ocr_line' id='line_1_12' title="bbox 56 1344 960 1424; baseline -0.002 -17"><span class='ocrx_word' id='word_1_85' title='bbox 56 1344 201 1407; x_wconf 84' lang='lat' dir='ltr'>conferre.</span> <span class='ocrx_word' id='word_1_86' title='bbox 248 1344 323 1405; x_wconf 91' lang='lat' dir='ltr'>nihil</span> <span class='ocrx_word' id='word_1_87' title='bbox 351 1344 506 1404; x_wconf 88' lang='lat' dir='ltr'>honestius</span> <span class='ocrx_word' id='word_1_88' title='bbox 534 1353 686 1424; x_wconf 90' lang='lat' dir='ltr'>praestare</span> <span class='ocrx_word' id='word_1_89' title='bbox 713 1344 815 1405; x_wconf 89' lang='lat' dir='ltr'>liberis</span> <span class='ocrx_word' id='word_1_90' title='bbox 843 1345 960 1421; x_wconf 89' lang='lat' dir='ltr'>uestris,</span> 
     </span>
     <span class='ocr_line' id='line_1_13' title="bbox 57 1442 963 1524; baseline 0 -20"><span class='ocrx_word' id='word_1_91' title='bbox 57 1443 133 1504; x_wconf 91' lang='lat' dir='ltr'>nihil</span> <span class='ocrx_word' id='word_1_92' title='bbox 147 1443 262 1524; x_wconf 88' lang='lat' dir='ltr'>gratius</span> <span class='ocrx_word' id='word_1_93' title='bbox 276 1442 391 1522; x_wconf 85' lang='lat' dir='ltr'>patriae</span> <span class='ocrx_word' id='word_1_94' title='bbox 407 1443 542 1521; x_wconf 82' lang='lat' dir='ltr'>potestis</span> <span class='ocrx_word' id='word_1_95' title='bbox 586 1443 752 1504; x_wconf 82' lang='lat' dir='ltr'>educentur</span> <span class='ocrx_word' id='word_1_96' title='bbox 771 1443 820 1504; x_wconf 91' lang='lat' dir='ltr'>hic</span> <span class='ocrx_word' id='word_1_97' title='bbox 841 1444 894 1523; x_wconf 91' lang='lat' dir='ltr'>qui</span> <span class='ocrx_word' id='word_1_98' title='bbox 914 1444 963 1504; x_wconf 92' lang='lat' dir='ltr'>hic</span> 
     </span>
     <span class='ocr_line' id='line_1_14' title="bbox 57 1540 961 1618; baseline 0 -16"><span class='ocrx_word' id='word_1_99' title='bbox 57 1548 223 1602; x_wconf 88' lang='lat' dir='ltr'>nascuntur</span> <span class='ocrx_word' id='word_1_100' title='bbox 237 1540 399 1618; x_wconf 86' lang='lat' dir='ltr'>statimque</span> <span class='ocrx_word' id='word_1_101' title='bbox 417 1540 456 1600; x_wconf 89' lang='lat' dir='ltr'>ab</span> <span class='ocrx_word' id='word_1_102' title='bbox 476 1541 604 1601; x_wconf 84' lang='lat' dir='ltr'>infantia</span> <span class='ocrx_word' id='word_1_103' title='bbox 622 1541 723 1602; x_wconf 83' lang='lat' dir='ltr'>natale</span> <span class='ocrx_word' id='word_1_104' title='bbox 742 1541 839 1602; x_wconf 92' lang='lat' dir='ltr'>solum</span> <span class='ocrx_word' id='word_1_105' title='bbox 852 1562 961 1615; x_wconf 88' lang='lat' dir='ltr'>amare,</span> 
     </span>
     <span class='ocr_line' id='line_1_15' title="bbox 57 1640 963 1719; baseline 0 -19"><span class='ocrx_word' id='word_1_106' title='bbox 57 1640 249 1719; x_wconf 83' lang='lat' dir='ltr'>frequentare</span> <span class='ocrx_word' id='word_1_107' title='bbox 277 1647 479 1699; x_wconf 89' lang='lat' dir='ltr'>consuescant.</span> <span class='ocrx_word' id='word_1_108' title='bbox 522 1647 613 1718; x_wconf 87' lang='lat' dir='ltr'>atque</span> <span class='ocrx_word' id='word_1_109' title='bbox 639 1640 755 1700; x_wconf 88' lang='lat' dir='ltr'>utinam</span> <span class='ocrx_word' id='word_1_110' title='bbox 780 1648 844 1700; x_wconf 88' lang='lat' dir='ltr'>tam</span> <span class='ocrx_word' id='word_1_111' title='bbox 868 1640 963 1701; x_wconf 87' lang='lat' dir='ltr'>claros</span> 
     </span>
    </p>

    <p class='ocr_par' dir='ltr' id='par_1_5' title="bbox 14 1736 1037 2208">
     <span class='ocr_line' id='line_1_16' title="bbox 14 1736 1037 1820; baseline -0.002 -20"><span class='ocrx_word' id='word_1_112' title='bbox 14 1759 43 1813; x_wconf 79' lang='grc' dir='ltr'>ις</span> <span class='ocrx_word' id='word_1_113' title='bbox 57 1745 264 1820; x_wconf 82' lang='lat' dir='ltr'>praeceptores</span> <span class='ocrx_word' id='word_1_114' title='bbox 278 1736 428 1797; x_wconf 86' lang='lat' dir='ltr'>inducatis</span> <span class='ocrx_word' id='word_1_115' title='bbox 442 1745 477 1796; x_wconf 94' lang='lat' dir='ltr'>ut</span> <span class='ocrx_word' id='word_1_116' title='bbox 491 1737 627 1797; x_wconf 87' lang='lat' dir='ltr'>finitimis</span> <span class='ocrx_word' id='word_1_117' title='bbox 641 1737 759 1817; x_wconf 90' lang='lat' dir='ltr'>oppidis</span> <span class='ocrx_word' id='word_1_118' title='bbox 778 1738 879 1798; x_wconf 87' lang='lat' dir='ltr'>studia</span> <span class='ocrx_word' id='word_1_119' title='bbox 893 1737 963 1798; x_wconf 94' lang='lat' dir='ltr'>hinc</span> <span class='ocrx_word' id='word_1_120' title='bbox 1034 1773 1037 1780; x_wconf 90' lang='lat'>·</span> 
     </span>
     <span class='ocr_line' id='line_1_17' title="bbox 57 1834 963 1918; baseline -0.001 -21"><span class='ocrx_word' id='word_1_121' title='bbox 57 1845 209 1918; x_wconf 87' lang='lat' dir='ltr'>petantur,</span> <span class='ocrx_word' id='word_1_122' title='bbox 225 1843 320 1914; x_wconf 91' lang='lat' dir='ltr'>utque</span> <span class='ocrx_word' id='word_1_123' title='bbox 340 1856 419 1895; x_wconf 94' lang='lat' dir='ltr'>nunc</span> <span class='ocrx_word' id='word_1_124' title='bbox 440 1835 526 1896; x_wconf 91' lang='lat' dir='ltr'>liberi</span> <span class='ocrx_word' id='word_1_125' title='bbox 547 1836 641 1896; x_wconf 91' lang='lat' dir='ltr'>uestri</span> <span class='ocrx_word' id='word_1_126' title='bbox 661 1835 759 1896; x_wconf 89' lang='lat' dir='ltr'>aliena</span> <span class='ocrx_word' id='word_1_127' title='bbox 779 1835 811 1895; x_wconf 91' lang='lat' dir='ltr'>in</span> <span class='ocrx_word' id='word_1_128' title='bbox 831 1834 904 1909; x_wconf 88' lang='lat' dir='ltr'>loca,</span> <span class='ocrx_word' id='word_1_129' title='bbox 919 1835 963 1896; x_wconf 89' lang='lat' dir='ltr'>ita</span> 
     </span>
     <span class='ocr_line' id='line_1_18' title="bbox 57 1928 686 1992; baseline -0.002 -1"><span class='ocrx_word' id='word_1_130' title='bbox 57 1952 129 1992; x_wconf 89' lang='lat' dir='ltr'>mox</span> <span class='ocrx_word' id='word_1_131' title='bbox 143 1930 232 1991; x_wconf 88' lang='lat' dir='ltr'>alieni</span> <span class='ocrx_word' id='word_1_132' title='bbox 246 1930 279 1989; x_wconf 90' lang='lat' dir='ltr'>in</span> <span class='ocrx_word' id='word_1_133' title='bbox 293 1930 372 1990; x_wconf 90' lang='lat' dir='ltr'>hunc</span> <span class='ocrx_word' id='word_1_134' title='bbox 386 1929 485 1990; x_wconf 92' lang='lat' dir='ltr'>locum</span> <span class='ocrx_word' id='word_1_135' title='bbox 499 1930 652 1990; x_wconf 88' lang='lat' dir='ltr'>confluant</span> <span class='ocrx_word' id='word_1_136' title='bbox 663 1928 686 1990; x_wconf 86' lang='lat'>!&#39;</span> 
     </span>
     <span class='ocr_line' id='line_1_19' title="bbox 99 2025 1009 2108; baseline 0.001 -20"><span class='ocrx_word' id='word_1_137' title='bbox 99 2028 183 2090; x_wconf 89' lang='lat' dir='ltr'>Haeo</span> <span class='ocrx_word' id='word_1_138' title='bbox 203 2029 309 2108; x_wconf 88' lang='lat' dir='ltr'>putaui</span> <span class='ocrx_word' id='word_1_139' title='bbox 329 2028 420 2089; x_wconf 91' lang='lat' dir='ltr'>altius</span> <span class='ocrx_word' id='word_1_140' title='bbox 441 2035 473 2087; x_wconf 86' lang='lat' dir='ltr'>et</span> <span class='ocrx_word' id='word_1_141' title='bbox 486 2028 572 2106; x_wconf 88' lang='lat' dir='ltr'>quasi</span> <span class='ocrx_word' id='word_1_142' title='bbox 585 2049 604 2087; x_wconf 93' lang='lat' dir='ltr'>a</span> <span class='ocrx_word' id='word_1_143' title='bbox 617 2028 702 2088; x_wconf 81' lang='lat' dir='ltr'>fonte</span> <span class='ocrx_word' id='word_1_144' title='bbox 716 2025 887 2106; x_wconf 87' lang='lat' dir='ltr'>repetenda,</span> <span class='ocrx_word' id='word_1_145' title='bbox 904 2047 964 2106; x_wconf 92' lang='lat' dir='ltr'>quo</span> <span class='ocrx_word' id='word_1_146' title='bbox 976 2037 1009 2096; x_wconf 86' lang='lat'>10</span> 
     </span>
     <span class='ocr_line' id='line_1_20' title="bbox 57 2124 963 2208; baseline -0.002 -20"><span class='ocrx_word' id='word_1_147' title='bbox 57 2127 153 2208; x_wconf 88' lang='lat' dir='ltr'>magis</span> <span class='ocrx_word' id='word_1_148' title='bbox 176 2126 265 2187; x_wconf 85' lang='lat' dir='ltr'>scires</span> <span class='ocrx_word' id='word_1_149' title='bbox 288 2146 377 2205; x_wconf 88' lang='lat' dir='ltr'>quam</span> <span class='ocrx_word' id='word_1_150' title='bbox 400 2133 520 2206; x_wconf 88' lang='lat' dir='ltr'>gratum</span> <span class='ocrx_word' id='word_1_151' title='bbox 545 2125 620 2185; x_wconf 95' lang='lat' dir='ltr'>mihi</span> <span class='ocrx_word' id='word_1_152' title='bbox 642 2125 728 2199; x_wconf 84' lang='lat' dir='ltr'>foret,</span> <span class='ocrx_word' id='word_1_153' title='bbox 751 2124 777 2185; x_wconf 89' lang='lat' dir='ltr'>si</span> <span class='ocrx_word' id='word_1_154' title='bbox 799 2125 963 2204; x_wconf 90' lang='lat' dir='ltr'>susciperes</span> 
     </span>
    </p>

    <p class='ocr_par' dir='ltr' id='par_1_6' title="bbox 13 2223 965 2698">
     <span class='ocr_line' id='line_1_21' title="bbox 13 2223 964 2306; baseline -0.002 -19"><span class='ocrx_word' id='word_1_155' title='bbox 13 2251 46 2287; x_wconf 91' lang='lat'>20</span> <span class='ocrx_word' id='word_1_156' title='bbox 58 2226 141 2305; x_wconf 91' lang='lat' dir='ltr'>quod</span> <span class='ocrx_word' id='word_1_157' title='bbox 154 2225 286 2306; x_wconf 88' lang='lat' dir='ltr'>iniungo.</span> <span class='ocrx_word' id='word_1_158' title='bbox 328 2224 453 2304; x_wconf 92' lang='lat' dir='ltr'>iniungo</span> <span class='ocrx_word' id='word_1_159' title='bbox 466 2231 567 2284; x_wconf 90' lang='lat' dir='ltr'>autem</span> <span class='ocrx_word' id='word_1_160' title='bbox 583 2231 614 2284; x_wconf 90' lang='lat' dir='ltr'>et</span> <span class='ocrx_word' id='word_1_161' title='bbox 628 2244 683 2304; x_wconf 90' lang='lat' dir='ltr'>pro</span> <span class='ocrx_word' id='word_1_162' title='bbox 697 2223 741 2284; x_wconf 90' lang='lat' dir='ltr'>rei</span> <span class='ocrx_word' id='word_1_163' title='bbox 754 2223 964 2305; x_wconf 81' lang='lat' dir='ltr'>magnitudine</span> 
     </span>
     <span class='ocr_line' id='line_1_22' title="bbox 58 2321 965 2405; baseline -0.002 -21"><span class='ocrx_word' id='word_1_164' title='bbox 58 2344 131 2405; x_wconf 90' lang='lat' dir='ltr'>rogo</span> <span class='ocrx_word' id='word_1_165' title='bbox 145 2331 181 2383; x_wconf 91' lang='lat' dir='ltr'>ut</span> <span class='ocrx_word' id='word_1_166' title='bbox 195 2343 233 2383; x_wconf 91' lang='lat' dir='ltr'>ex</span> <span class='ocrx_word' id='word_1_167' title='bbox 247 2322 332 2402; x_wconf 89' lang='lat' dir='ltr'>copia</span> <span class='ocrx_word' id='word_1_168' title='bbox 346 2322 557 2395; x_wconf 89' lang='lat' dir='ltr'>studiosorum,</span> <span class='ocrx_word' id='word_1_169' title='bbox 574 2342 650 2401; x_wconf 87' lang='lat' dir='ltr'>quae</span> <span class='ocrx_word' id='word_1_170' title='bbox 670 2321 709 2382; x_wconf 88' lang='lat' dir='ltr'>ad</span> <span class='ocrx_word' id='word_1_171' title='bbox 731 2329 762 2383; x_wconf 89' lang='lat' dir='ltr'>te</span> <span class='ocrx_word' id='word_1_172' title='bbox 784 2342 821 2382; x_wconf 84' lang='lat' dir='ltr'>ex</span> <span class='ocrx_word' id='word_1_173' title='bbox 838 2321 965 2383; x_wconf 86' lang='lat' dir='ltr'>admira·</span> 
     </span>
     <span class='ocr_line' id='line_1_23' title="bbox 58 2420 963 2502; baseline 0 -22"><span class='ocrx_word' id='word_1_174' title='bbox 58 2421 141 2481; x_wconf 91' lang='lat' dir='ltr'>tione</span> <span class='ocrx_word' id='word_1_175' title='bbox 155 2420 269 2501; x_wconf 88' lang='lat' dir='ltr'>ingenii</span> <span class='ocrx_word' id='word_1_176' title='bbox 285 2421 332 2480; x_wconf 93' lang='lat' dir='ltr'>tui</span> <span class='ocrx_word' id='word_1_177' title='bbox 352 2420 501 2493; x_wconf 86' lang='lat' dir='ltr'>conuenit,</span> <span class='ocrx_word' id='word_1_178' title='bbox 517 2420 735 2498; x_wconf 84' lang='lat' dir='ltr'>circumspicias</span> <span class='ocrx_word' id='word_1_179' title='bbox 756 2429 963 2502; x_wconf 88' lang='lat' dir='ltr'>praeceptores</span> 
     </span>
     <span class='ocr_line' id='line_1_24' title="bbox 58 2518 963 2597; baseline 0 -19"><span class='ocrx_word' id='word_1_180' title='bbox 58 2539 133 2597; x_wconf 91' lang='lat' dir='ltr'>quos</span> <span class='ocrx_word' id='word_1_181' title='bbox 153 2518 311 2580; x_wconf 90' lang='lat' dir='ltr'>sollicitare</span> <span class='ocrx_word' id='word_1_182' title='bbox 331 2519 486 2597; x_wconf 88' lang='lat' dir='ltr'>possimus,</span> <span class='ocrx_word' id='word_1_183' title='bbox 503 2518 559 2578; x_wconf 92' lang='lat' dir='ltr'>sub</span> <span class='ocrx_word' id='word_1_184' title='bbox 574 2538 609 2578; x_wconf 91' lang='lat' dir='ltr'>ea</span> <span class='ocrx_word' id='word_1_185' title='bbox 622 2526 724 2578; x_wconf 87' lang='lat' dir='ltr'>tamen</span> <span class='ocrx_word' id='word_1_186' title='bbox 739 2518 911 2579; x_wconf 89' lang='lat' dir='ltr'>condicione</span> <span class='ocrx_word' id='word_1_187' title='bbox 925 2539 963 2579; x_wconf 90' lang='lat' dir='ltr'>ne</span> 
     </span>
     <span class='ocr_line' id='line_1_25' title="bbox 59 2616 964 2698; baseline -0.001 -21"><span class='ocrx_word' id='word_1_188' title='bbox 59 2616 107 2677; x_wconf 92' lang='lat' dir='ltr'>cui</span> <span class='ocrx_word' id='word_1_189' title='bbox 120 2617 211 2677; x_wconf 88' lang='lat' dir='ltr'>fidem</span> <span class='ocrx_word' id='word_1_190' title='bbox 224 2637 320 2677; x_wconf 90' lang='lat' dir='ltr'>meam</span> <span class='ocrx_word' id='word_1_191' title='bbox 332 2617 526 2698; x_wconf 87' lang='lat' dir='ltr'>obstringam.</span> <span class='ocrx_word' id='word_1_192' title='bbox 556 2616 656 2676; x_wconf 90' lang='lat' dir='ltr'>omnia</span> <span class='ocrx_word' id='word_1_193' title='bbox 666 2617 746 2676; x_wconf 94' lang='lat' dir='ltr'>enim</span> <span class='ocrx_word' id='word_1_194' title='bbox 756 2616 850 2677; x_wconf 89' lang='lat' dir='ltr'>libera</span> <span class='ocrx_word' id='word_1_195' title='bbox 861 2637 964 2696; x_wconf 89' lang='lat' dir='ltr'>paren-</span> 
     </span>
    </p>

    <p class='ocr_par' dir='ltr' id='par_1_7' title="bbox 13 2713 1008 3089">
     <span class='ocr_line' id='line_1_26' title="bbox 13 2713 963 2796; baseline -0.002 -19"><span class='ocrx_word' id='word_1_196' title='bbox 13 2724 44 2778; x_wconf 81' lang='lat'>25</span> <span class='ocrx_word' id='word_1_197' title='bbox 59 2714 141 2774; x_wconf 91' lang='lat' dir='ltr'>tibus</span> <span class='ocrx_word' id='word_1_198' title='bbox 155 2733 250 2774; x_wconf 90' lang='lat' dir='ltr'>seruo.</span> <span class='ocrx_word' id='word_1_199' title='bbox 285 2713 331 2774; x_wconf 92' lang='lat' dir='ltr'>illi</span> <span class='ocrx_word' id='word_1_200' title='bbox 344 2713 486 2788; x_wconf 91' lang='lat' dir='ltr'>iudicent,</span> <span class='ocrx_word' id='word_1_201' title='bbox 498 2714 543 2775; x_wconf 91' lang='lat' dir='ltr'>illi</span> <span class='ocrx_word' id='word_1_202' title='bbox 558 2713 687 2795; x_wconf 87' lang='lat' dir='ltr'>eligant:</span> <span class='ocrx_word' id='word_1_203' title='bbox 704 2734 759 2796; x_wconf 89' lang='lat' dir='ltr'>ego</span> <span class='ocrx_word' id='word_1_204' title='bbox 772 2714 847 2775; x_wconf 93' lang='lat' dir='ltr'>mihi</span> <span class='ocrx_word' id='word_1_205' title='bbox 862 2734 963 2775; x_wconf 88' lang='lat' dir='ltr'>curam</span> 
     </span>
     <span class='ocr_line' id='line_1_27' title="bbox 58 2812 1008 2892; baseline 0.004 -20"><span class='ocrx_word' id='word_1_206' title='bbox 58 2819 179 2872; x_wconf 89' lang='lat' dir='ltr'>tantum</span> <span class='ocrx_word' id='word_1_207' title='bbox 193 2820 225 2873; x_wconf 92' lang='lat' dir='ltr'>et</span> <span class='ocrx_word' id='word_1_208' title='bbox 238 2813 424 2892; x_wconf 91' lang='lat' dir='ltr'>impendium</span> <span class='ocrx_word' id='word_1_209' title='bbox 439 2812 567 2874; x_wconf 89' lang='lat' dir='ltr'>uindico.</span> <span class='ocrx_word' id='word_1_210' title='bbox 609 2812 736 2892; x_wconf 90' lang='lat' dir='ltr'>proinde</span> <span class='ocrx_word' id='word_1_211' title='bbox 750 2813 775 2873; x_wconf 92' lang='lat' dir='ltr'>si</span> <span class='ocrx_word' id='word_1_212' title='bbox 790 2813 857 2892; x_wconf 89' lang='lat' dir='ltr'>quis</span> <span class='ocrx_word' id='word_1_213' title='bbox 871 2813 964 2875; x_wconf 88' lang='lat' dir='ltr'>fuerit</span> <span class='ocrx_word' id='word_1_214' title='bbox 976 2818 1008 2876; x_wconf 87' lang='lat'>11</span> 
     </span>
     <span class='ocr_line' id='line_1_28' title="bbox 58 2909 963 2993; baseline 0.004 -24"><span class='ocrx_word' id='word_1_215' title='bbox 58 2917 196 2989; x_wconf 90' lang='lat' dir='ltr'>repertus</span> <span class='ocrx_word' id='word_1_216' title='bbox 209 2909 261 2988; x_wconf 93' lang='lat' dir='ltr'>qui</span> <span class='ocrx_word' id='word_1_217' title='bbox 276 2910 396 2992; x_wconf 89' lang='lat' dir='ltr'>ingenio</span> <span class='ocrx_word' id='word_1_218' title='bbox 411 2932 465 2972; x_wconf 89' lang='lat' dir='ltr'>suo</span> <span class='ocrx_word' id='word_1_219' title='bbox 479 2911 561 2983; x_wconf 90' lang='lat' dir='ltr'>fidat,</span> <span class='ocrx_word' id='word_1_220' title='bbox 575 2919 624 2970; x_wconf 86' lang='lat' dir='ltr'>eat</span> <span class='ocrx_word' id='word_1_221' title='bbox 637 2911 708 2972; x_wconf 91' lang='lat' dir='ltr'>illuc</span> <span class='ocrx_word' id='word_1_222' title='bbox 720 2932 754 2972; x_wconf 88' lang='lat' dir='ltr'>ea</span> <span class='ocrx_word' id='word_1_223' title='bbox 767 2911 833 2993; x_wconf 88' lang='lat' dir='ltr'>lege</span> <span class='ocrx_word' id='word_1_224' title='bbox 845 2920 880 2973; x_wconf 93' lang='lat' dir='ltr'>ut</span> <span class='ocrx_word' id='word_1_225' title='bbox 894 2913 963 2973; x_wconf 92' lang='lat' dir='ltr'>hinc</span> 
     </span>
     <span class='ocr_line' id='line_1_29' title="bbox 59 3007 938 3089; baseline 0.007 -23"><span class='ocrx_word' id='word_1_226' title='bbox 59 3008 134 3068; x_wconf 93' lang='lat' dir='ltr'>nihil</span> <span class='ocrx_word' id='word_1_227' title='bbox 148 3007 232 3069; x_wconf 89' lang='lat' dir='ltr'>aliud</span> <span class='ocrx_word' id='word_1_228' title='bbox 246 3017 360 3069; x_wconf 85' lang='lat' dir='ltr'>certum</span> <span class='ocrx_word' id='word_1_229' title='bbox 375 3030 465 3089; x_wconf 88' lang='lat' dir='ltr'>quam</span> <span class='ocrx_word' id='word_1_230' title='bbox 480 3009 619 3071; x_wconf 89' lang='lat' dir='ltr'>fiduciam</span> <span class='ocrx_word' id='word_1_231' title='bbox 635 3030 718 3070; x_wconf 90' lang='lat' dir='ltr'>suam</span> <span class='ocrx_word' id='word_1_232' title='bbox 733 3010 819 3071; x_wconf 88' lang='lat' dir='ltr'>ferat.</span> <span class='ocrx_word' id='word_1_233' title='bbox 863 3011 938 3072; x_wconf 90' lang='lat' dir='ltr'>uale.</span> 
     </span>
    </p>
   </div>
   <div class='ocr_carea' id='block_1_3' title="bbox 58 3153 989 3303">
    <p class='ocr_par' dir='ltr' id='par_1_8' title="bbox 58 3153 989 3303">
     <span class='ocr_line' id='line_1_30' title="bbox 58 3153 965 3220; baseline 0 -16"><span class='ocrx_word' id='word_1_234' title='bbox 58 3155 74 3204; x_wconf 87' lang='lat'><strong>3</strong></span> <span class='ocrx_word' id='word_1_235' title='bbox 91 3170 144 3204; x_wconf 93' lang='lat' dir='ltr'>uno</span> <span class='ocrx_word' id='word_1_236' title='bbox 154 3153 270 3205; x_wconf 84' lang='lat' dir='ltr'>remedio</span> <span class='ocrx_word' id='word_1_237' title='bbox 282 3155 383 3205; x_wconf 87' lang='lat' dir='ltr'>occurri</span> <span class='ocrx_word' id='word_1_238' title='bbox 394 3159 483 3220; x_wconf 85' lang='lat' dir='ltr'>potest</span> <span class='ocrx_word' id='word_1_239' title='bbox 494 3159 549 3206; x_wconf 70' lang='lat' dir='ltr'>Bra</span> <span class='ocrx_word' id='word_1_240' title='bbox 564 3155 666 3205; x_wconf 89' lang='lat' dir='ltr'>occurri</span> <span class='ocrx_word' id='word_1_241' title='bbox 681 3171 734 3206; x_wconf 90' lang='lat' dir='ltr'>uno</span> <span class='ocrx_word' id='word_1_242' title='bbox 749 3154 864 3206; x_wconf 85' lang='lat' dir='ltr'>remedio</span> <span class='ocrx_word' id='word_1_243' title='bbox 876 3159 965 3220; x_wconf 78' lang='lat' dir='ltr'>potest</span> 
     </span>
     <span class='ocr_line' id='line_1_31' title="bbox 58 3235 989 3303; baseline -0.001 -17"><span class='ocrx_word' id='word_1_244' title='bbox 58 3241 124 3286; x_wconf 70' lang='lat' dir='ltr'>Eva</span> <span class='ocrx_word' id='word_1_245' title='bbox 140 3237 242 3287; x_wconf 88' lang='lat' dir='ltr'>occurri</span> <span class='ocrx_word' id='word_1_246' title='bbox 257 3241 347 3303; x_wconf 83' lang='lat' dir='ltr'>potest</span> <span class='ocrx_word' id='word_1_247' title='bbox 365 3253 416 3288; x_wconf 90' lang='lat' dir='ltr'>uno</span> <span class='ocrx_word' id='word_1_248' title='bbox 433 3236 577 3290; x_wconf 80' lang='lat' dir='ltr'>remedioo</span> <span class='ocrx_word' id='word_1_249' title='bbox 612 3235 627 3293; x_wconf 85' lang='grc' dir='ltr'><strong>Ἶ</strong></span> <span class='ocrx_word' id='word_1_250' title='bbox 650 3254 668 3290; x_wconf 88' lang='lat' dir='ltr'>a.</span> <span class='ocrx_word' id='word_1_251' title='bbox 682 3254 727 3290; x_wconf 84' lang='lat' dir='ltr'>me</span> <span class='ocrx_word' id='word_1_252' title='bbox 739 3241 833 3292; x_wconf 61' lang='lat' dir='ltr'>mou</span> <span class='ocrx_word' id='word_1_253' title='bbox 847 3253 912 3289; x_wconf 73' lang='lat' dir='ltr'>earu</span> <span class='ocrx_word' id='word_1_254' title='bbox 919 3241 989 3286; x_wconf 62' lang='lat' dir='ltr'>m</span> 
     </span>
    </p>
   </div>
   <div class='ocr_carea' id='block_1_4' title="bbox 55 3316 882 3397">
    <p class='ocr_par' dir='ltr' id='par_1_9' title="bbox 55 3316 882 3397">
     <span class='ocr_line' id='line_1_32' title="bbox 55 3316 882 3397; baseline 0.012 -31"><span class='ocrx_word' id='word_1_255' title='bbox 55 3333 108 3367; x_wconf 77' lang='lat' dir='ltr'>nor</span> <span class='ocrx_word' id='word_1_256' title='bbox 119 3316 293 3385; x_wconf 66' lang='lat' dir='ltr'>hmkaedby</span> <span class='ocrx_word' id='word_1_257' title='bbox 305 3319 402 3375; x_wconf 68' lang='lat' dir='ltr'>Gener</span> <span class='ocrx_word' id='word_1_258' title='bbox 435 3322 468 3381; x_wconf 79' lang='lat'>27</span> <span class='ocrx_word' id='word_1_259' title='bbox 487 3339 520 3378; x_wconf 82' lang='lat' dir='ltr'>aa</span> <span class='ocrx_word' id='word_1_260' title='bbox 529 3323 592 3397; x_wconf 83' lang='lat' dir='ltr'>lege</span> <span class='ocrx_word' id='word_1_261' title='bbox 601 3328 704 3381; x_wconf 60' lang='lat' dir='ltr'>trous.</span> <span class='ocrx_word' id='word_1_262' title='bbox 713 3323 882 3393; x_wconf 62' lang='lat' dir='ltr'>exlegem</span> 
     </span>
    </p>
   </div>
   <div class='ocr_carea' id='block_1_5' title="bbox 0 0 1132 3698">
    <p class='ocr_par' dir='ltr' id='par_1_10' title="bbox 0 0 1132 3698">
     <span class='ocr_line' id='line_1_33' title="bbox 0 0 1132 3698; baseline 0 0"><span class='ocrx_word' id='word_1_263' title='bbox 0 0 1132 3698; x_wconf 95' lang='lat' dir='ltr'> </span> 
     </span>
    </p>
   </div>
  </div>
 </body>
</html>
