2250 3698
134 228 189 301 le.
207 230 266 306 (vr.
280 246 321 306 re)
383 229 584 297 urisrvmu
606 229 796 298 sannorum
1010 240 1043 304 at

133 389 194 452 nisi
218 391 346 453 nauibus
370 391 471 472 fugel:
503 399 539 452 ut
562 412 594 453 se
615 400 701 453 tanto
727 392 892 454 discrimini
913 394 1043 473 eriperet

134 489 248 552 orabat.
293 490 387 553 uertit
400 490 451 551 ille
465 490 630 565 consilium,
645 499 676 551 et
691 490 772 570 quod
793 492 929 553 studioso
942 493 1043 554 animo
1071 497 1089 556 9

134 580 331 650 incohauerat
365 589 429 650 obit
466 590 607 650 maximo.
664 589 787 650 deducit
828 591 1041 669 quadriremes,

134 685 271 747 ascendit
282 686 353 765 ipse,
365 707 425 748 non
436 686 581 747 Rectinae
592 686 682 748 modo
694 687 746 748 sed
758 687 862 748 multis
873 688 952 769 (erat
963 691 1043 751 enim

106 795 120 848 5
134 784 277 863 frequens
290 785 456 846 amoenitas
470 787 552 863 orae)
568 784 685 846 laturus
704 785 858 846 auxilium.
901 796 1044 866 properat
1056 791 1089 849 10

133 881 207 943 illuc
241 883 322 943 unde
356 883 407 943 alii
442 885 571 964 fugiunt,
596 891 771 962 rectumque
805 905 932 959 cursum,
962 895 1044 948 recta

134 980 338 1062 gubernacula
353 981 384 1041 in
398 981 562 1060 periculum
578 990 670 1053 tenet,
686 981 762 1043 adeo
776 982 892 1043 solutus
907 993 991 1044 metu
1007 992 1044 1046 ut

134 1078 234 1139 omnis
256 1077 336 1138 illius
363 1078 434 1138 mali
462 1088 571 1154 motus,
592 1080 689 1141 omnis
713 1081 831 1160 figuras,
858 1089 894 1141 ut
918 1081 1064 1160 depren·'

134 1174 224 1236 derat
238 1176 339 1250 oculis,
355 1175 483 1237 dictaret
497 1185 703 1256 enotaretque.

91 1291 123 1328 10
176 1274 243 1335 Iam
257 1276 384 1336 nauibus
398 1277 472 1338 cinis
483 1277 642 1349 incidebat,
655 1296 715 1355 quo
726 1276 849 1355 propius
859 1276 1041 1352 accederent,
1057 1282 1089 1339 11

135 1372 261 1434 calidior
285 1382 316 1434 et
340 1373 468 1447 densior,
491 1375 551 1434 iam
573 1374 707 1453 pumices
732 1375 823 1435 etiam
847 1375 985 1455 nigrique
1013 1383 1045 1436 et

135 1471 268 1532 ambusti
293 1479 324 1533 et
346 1472 434 1532 fracti
458 1473 528 1551 igne
552 1471 674 1550 lapides,
697 1472 757 1532 iam
776 1472 889 1532 uadum
910 1473 1043 1534 subitum

135 1569 284 1648 urinaque
298 1571 409 1631 montis
428 1570 518 1630 litora
539 1569 698 1630 obstantia.
741 1578 900 1631 cunctatus
919 1571 1048 1652 paulum,

135 1689 175 1728 an
204 1676 285 1729 retro
313 1669 456 1741 flecteret,
486 1688 558 1729 mox
586 1669 781 1748 gubernatori
808 1677 844 1729 ut
867 1670 911 1729 ita
927 1661 1044 1731 vfaceret

92 1787 102 1824 r
106 1784 121 1837 5
135 1765 271 1826 monenti
285 1765 409 1827 ‘fortes'
423 1766 523 1844 inquit
536 1766 673 1827 ‘fortuna
682 1767 786 1828 iuuat:
805 1767 1043 1847 Pomponianum

136 1867 225 1942 pete!
274 1863 385 1924 Stabiis
414 1871 487 1938 erat,
516 1864 684 1943 diremptus
719 1866 787 1925 sinu
815 1864 932 1940 medio;
973 1887 1044 1926 nam
1057 1874 1090 1932 12

131 1961 249 2023 sensim
267 1962 452 2022 circumactis
475 1963 666 2040 curuatisque
685 1963 824 2023 litoribus
845 1983 927 2023 mare
947 1964 1045 2024 infun-

137 2059 243 2133 ditur.⁴
276 2059 326 2134 ibi,
356 2078 527 2138 quanquam
557 2058 690 2119 nondum
725 2058 858 2138 periculo
885 2059 1045 2139 adpropin-

139 2166 259 2237 quante,
275 2159 434 2237 conspicuo
455 2166 565 2237 tamen,
585 2165 616 2218 et
637 2177 703 2219 cum
726 2164 879 2230 cresceret,
895 2157 1043 2237 proximo,

92 2275 126 2311 20
138 2257 268 2318 sarcinas
279 2255 448 2318 contulerat
461 2256 492 2316 in
507 2275 607 2330 naues,
621 2264 719 2316 certus
733 2256 829 2336 fugae,
842 2255 866 2315 si
879 2256 1045 2316 contrarius

139 2366 249 2416 uentus
272 2355 439 2417 resedisset.
483 2373 544 2433 quo
566 2362 639 2414 tunc
658 2353 825 2414 auunculus
844 2374 928 2414 meus
943 2374 1044 2414 secun-

138 2454 262 2515 dissimo
273 2454 410 2515 inuectus
420 2452 630 2532 complectitur
642 2452 853 2530 trepidantem,
864 2452 1042 2525 consolatur,

139 2552 287 2623 hortatur,
305 2559 400 2631 utque
424 2552 564 2612 timorem
591 2550 655 2610 eius
678 2570 731 2609 sua
748 2549 908 2610 securitate
926 2549 1043 2621 leniret,

139 2649 248 2712 deferri
269 2651 301 2710 in
321 2650 473 2711 balineum
494 2650 587 2711 iubet.
631 2647 711 2708 lotus
732 2647 865 2720 accubat,
884 2655 971 2708 cenat
992 2654 1045 2707 aut

94 2763 125 2819 25
139 2748 243 2810 hilaris
257 2757 318 2823 aut,
335 2749 416 2828 quod
430 2767 525 2828 aeque
539 2768 691 2828 magnum,
708 2744 813 2806 similis
828 2744 923 2805 hilari.

141 2942 153 2991 l
177 2940 328 2992 discrimine
344 2953 362 2990 a
379 2941 524 2991 Octanaeue
564 2947 580 2989 4
601 2939 718 2990 rectinae
735 2942 803 2999 Hos,
823 2953 871 2988 orn.
891 2936 919 2986 io
936 2935 1013 2986 bluulr
1028 2950 1047 2987 u

139 3025 155 3074 8
172 3023 347 3090 deprenderat
355 3027 400 3074 uu
411 3022 621 3090 deprehenderat
632 3022 684 3072 οἷο,
718 3023 749 3072 10
762 3020 917 3071 accederent
928 3033 946 3069 a
956 3034 1045 3068 accen·

139 3105 234 3157 darent
244 3111 271 3156 Μ
281 3105 417 3156 accederet
431 3119 465 3156 ou
497 3107 530 3156 24
547 3104 643 3154 deferri
660 3120 687 3153 se
704 3104 732 3152 in
748 3103 882 3154 balineum
899 3103 941 3161 fa,
956 3116 1004 3150 our.
1019 3115 1047 3150 se

142 3188 198 3239 rell.
218 3192 296 3238 cenat
314 3192 363 3238 aut
381 3187 474 3237 hilaris
493 3191 520 3236 Μ
539 3190 616 3236 cenat
635 3191 715 3250 atque
735 3184 827 3234 hilaris
846 3197 899 3234 oua
918 3185 1047 3246 canatque

140 3269 232 3321 hilaris
250 3269 393 3320 Sieburdua
431 3270 464 3320 25
487 3267 558 3336 quod
580 3283 664 3336 aeque
685 3282 817 3336 magnum
833 3269 905 3317 usu
920 3261 1000 3330 quob
1018 3265 1067 3312 em

133 3366 349 3417 aequemagnum
360 3366 378 3404 a
389 3353 463 3420 quod
475 3369 563 3423 aeque
576 3370 709 3424 magnum
720 3357 766 3408 est
779 3352 796 3408 f
