<?xml version="1.0" encoding="UTF-8"?>
<!DOCTYPE html PUBLIC "-//W3C//DTD XHTML 1.0 Transitional//EN"
    "http://www.w3.org/TR/xhtml1/DTD/xhtml1-transitional.dtd">
<html xmlns="http://www.w3.org/1999/xhtml" xml:lang="en" lang="en">
 <head>
  <title>
</title>
<meta http-equiv="Content-Type" content="text/html;charset=utf-8" />
  <meta name='ocr-system' content='tesseract 3.04.00' />
  <meta name='ocr-capabilities' content='ocr_page ocr_carea ocr_par ocr_line ocrx_word'/>
</head>
<body>
  <div class='ocr_page' id='page_1' title='image "./selectedletters02merrgoog_0132.png"; bbox 0 0 2250 3698; ppageno 0'>
   <div class='ocr_carea' id='block_1_1' title="bbox 132 226 1039 294">
    <p class='ocr_par' dir='ltr' id='par_1_1' title="bbox 132 226 1039 294">
     <span class='ocr_line' id='line_1_1' title="bbox 132 226 1039 294; baseline -0.008 -5"><span class='ocrx_word' id='word_1_1' title='bbox 132 226 188 289; x_wconf 72' lang='grc'>88.</span> <span class='ocrx_word' id='word_1_2' title='bbox 205 228 264 294; x_wconf 88' lang='lat' dir='ltr'><strong>(IV.</strong></span> <span class='ocrx_word' id='word_1_3' title='bbox 275 232 318 294; x_wconf 91' lang='grc'>22)</span> <span class='ocrx_word' id='word_1_4' title='bbox 364 227 565 285; x_wconf 78' lang='lat' dir='ltr'>EPISTVLAE</span> <span class='ocrx_word' id='word_1_5' title='bbox 588 229 778 285; x_wconf 76' lang='lat' dir='ltr'><strong>SELEOTAE.</strong></span> <span class='ocrx_word' id='word_1_6' title='bbox 1008 231 1039 286; x_wconf 80' lang='lat'>71</span> 
     </span>
    </p>
   </div>
   <div class='ocr_carea' id='block_1_2' title="bbox 105 379 1071 952">
    <p class='ocr_par' dir='ltr' id='par_1_2' title="bbox 132 379 1071 754">
     <span class='ocr_line' id='line_1_2' title="bbox 132 379 1070 459; baseline -0.001 -19"><span class='ocrx_word' id='word_1_7' title='bbox 132 399 235 440; x_wconf 85' lang='lat' dir='ltr'>amare</span> <span class='ocrx_word' id='word_1_8' title='bbox 262 399 310 440; x_wconf 89' lang='lat' dir='ltr'>me</span> <span class='ocrx_word' id='word_1_9' title='bbox 338 399 376 440; x_wconf 84' lang='lat' dir='ltr'>ex</span> <span class='ocrx_word' id='word_1_10' title='bbox 403 387 458 440; x_wconf 87' lang='lat' dir='ltr'>tua</span> <span class='ocrx_word' id='word_1_11' title='bbox 485 379 706 459; x_wconf 85' lang='lat' dir='ltr'>praedicatione</span> <span class='ocrx_word' id='word_1_12' title='bbox 728 379 927 440; x_wconf 86' lang='lat' dir='ltr'>consueuerit.</span> <span class='ocrx_word' id='word_1_13' title='bbox 970 381 1070 439; x_wconf 80' lang='lat' dir='ltr'>nam&#39;l</span> 
     </span>
     <span class='ocr_line' id='line_1_3' title="bbox 132 477 1040 558; baseline -0.002 -18"><span class='ocrx_word' id='word_1_14' title='bbox 132 498 205 541; x_wconf 87' lang='lat' dir='ltr'>cum</span> <span class='ocrx_word' id='word_1_15' title='bbox 218 485 345 539; x_wconf 91' lang='lat' dir='ltr'>matrem</span> <span class='ocrx_word' id='word_1_16' title='bbox 358 498 456 539; x_wconf 88' lang='lat' dir='ltr'>meam</span> <span class='ocrx_word' id='word_1_17' title='bbox 470 479 604 558; x_wconf 89' lang='lat' dir='ltr'>parentis</span> <span class='ocrx_word' id='word_1_18' title='bbox 618 477 684 539; x_wconf 88' lang='lat' dir='ltr'>loco</span> <span class='ocrx_word' id='word_1_19' title='bbox 698 478 850 551; x_wconf 84' lang='lat' dir='ltr'>uereren&#39;s,</span> <span class='ocrx_word' id='word_1_20' title='bbox 867 498 915 538; x_wconf 95' lang='lat' dir='ltr'>me</span> <span class='ocrx_word' id='word_1_21' title='bbox 932 499 951 537; x_wconf 90' lang='lat' dir='ltr'>a</span> <span class='ocrx_word' id='word_1_22' title='bbox 970 497 1040 556; x_wconf 78' lang='lat' dir='ltr'>pue·</span> 
     </span>
     <span class='ocr_line' id='line_1_4' title="bbox 133 575 1040 654; baseline -0.001 -17"><span class='ocrx_word' id='word_1_23' title='bbox 133 577 207 638; x_wconf 83' lang='lat' dir='ltr'>ritis</span> <span class='ocrx_word' id='word_1_24' title='bbox 230 576 334 637; x_wconf 88' lang='lat' dir='ltr'>statim</span> <span class='ocrx_word' id='word_1_25' title='bbox 354 575 491 650; x_wconf 86' lang='lat' dir='ltr'>formare,</span> <span class='ocrx_word' id='word_1_26' title='bbox 516 576 646 649; x_wconf 89' lang='lat' dir='ltr'>laudare,</span> <span class='ocrx_word' id='word_1_27' title='bbox 670 575 822 654; x_wconf 88' lang='lat' dir='ltr'>talemque</span> <span class='ocrx_word' id='word_1_28' title='bbox 843 576 940 654; x_wconf 87' lang='lat' dir='ltr'>qualis</span> <span class='ocrx_word' id='word_1_29' title='bbox 961 596 1040 636; x_wconf 92' lang='lat' dir='ltr'>nunc</span> 
     </span>
     <span class='ocr_line' id='line_1_5' title="bbox 134 674 1071 754; baseline -0.003 -18"><span class='ocrx_word' id='word_1_30' title='bbox 134 675 224 736; x_wconf 86' lang='lat' dir='ltr'>uxori</span> <span class='ocrx_word' id='word_1_31' title='bbox 248 695 331 735; x_wconf 81' lang='lat' dir='ltr'>meae</span> <span class='ocrx_word' id='word_1_32' title='bbox 356 674 462 743; x_wconf 83' lang='lat' dir='ltr'>uideor</span> <span class='ocrx_word' id='word_1_33' title='bbox 486 675 613 735; x_wconf 89' lang='lat' dir='ltr'>ominari</span> <span class='ocrx_word' id='word_1_34' title='bbox 638 675 762 736; x_wconf 87' lang='lat' dir='ltr'>solebas.</span> <span class='ocrx_word' id='word_1_35' title='bbox 806 675 944 735; x_wconf 85' lang='lat' dir='ltr'>certatim</span> <span class='ocrx_word' id='word_1_36' title='bbox 969 674 1071 754; x_wconf 86' lang='lat' dir='ltr'>erg08</span> 
     </span>
    </p>

    <p class='ocr_par' dir='ltr' id='par_1_3' title="bbox 105 772 1041 952">
     <span class='ocr_line' id='line_1_6' title="bbox 105 772 1041 853; baseline -0.003 -18"><span class='ocrx_word' id='word_1_37' title='bbox 105 773 194 837; x_wconf 81' lang='lat' dir='ltr'>stibi</span> <span class='ocrx_word' id='word_1_38' title='bbox 214 773 327 853; x_wconf 89' lang='lat' dir='ltr'>gratias</span> <span class='ocrx_word' id='word_1_39' title='bbox 347 773 473 853; x_wconf 80' lang='lat' dir='ltr'>agimus,</span> <span class='ocrx_word' id='word_1_40' title='bbox 496 793 552 853; x_wconf 86' lang='lat' dir='ltr'>ego</span> <span class='ocrx_word' id='word_1_41' title='bbox 573 773 655 851; x_wconf 91' lang='lat' dir='ltr'>quod</span> <span class='ocrx_word' id='word_1_42' title='bbox 676 774 759 833; x_wconf 91' lang='lat' dir='ltr'>illam</span> <span class='ocrx_word' id='word_1_43' title='bbox 779 772 862 846; x_wconf 89' lang='lat' dir='ltr'>mihi,</span> <span class='ocrx_word' id='word_1_44' title='bbox 885 772 937 832; x_wconf 91' lang='lat' dir='ltr'>illa</span> <span class='ocrx_word' id='word_1_45' title='bbox 959 772 1041 851; x_wconf 92' lang='lat' dir='ltr'>quod</span> 
     </span>
     <span class='ocr_line' id='line_1_7' title="bbox 134 871 924 952; baseline 0.001 -20"><span class='ocrx_word' id='word_1_46' title='bbox 134 891 185 932; x_wconf 92' lang='lat' dir='ltr'>me</span> <span class='ocrx_word' id='word_1_47' title='bbox 199 871 256 932; x_wconf 87' lang='lat' dir='ltr'>eibi</span> <span class='ocrx_word' id='word_1_48' title='bbox 270 871 397 944; x_wconf 88' lang='lat' dir='ltr'>dederis,</span> <span class='ocrx_word' id='word_1_49' title='bbox 414 872 499 950; x_wconf 87' lang='lat' dir='ltr'>quasi</span> <span class='ocrx_word' id='word_1_50' title='bbox 513 871 546 931; x_wconf 94' lang='lat' dir='ltr'>in</span> <span class='ocrx_word' id='word_1_51' title='bbox 560 871 657 932; x_wconf 90' lang='lat' dir='ltr'>uicem</span> <span class='ocrx_word' id='word_1_52' title='bbox 671 871 805 952; x_wconf 78' lang='lat' dir='ltr'>elegeris.</span> <span class='ocrx_word' id='word_1_53' title='bbox 848 871 924 933; x_wconf 83' lang='lat' dir='ltr'>uale.</span> 
     </span>
    </p>
   </div>
   <div class='ocr_carea' id='block_1_3' title="bbox 257 1147 925 1318">
    <p class='ocr_par' dir='ltr' id='par_1_4' title="bbox 257 1147 925 1318">
     <span class='ocr_line' id='line_1_8' title="bbox 479 1147 700 1210; baseline -0.027 -7"><span class='ocrx_word' id='word_1_54' title='bbox 479 1147 531 1203; x_wconf 84' lang='lat'>35.</span> <span class='ocrx_word' id='word_1_55' title='bbox 567 1148 626 1209; x_wconf 90' lang='lat' dir='ltr'>(IV.</span> <span class='ocrx_word' id='word_1_56' title='bbox 646 1149 700 1210; x_wconf 78' lang='grc'><strong>22.)</strong></span> 
     </span>
     <span class='ocr_line' id='line_1_9' title="bbox 257 1263 925 1318; baseline 0 -2"><span class='ocrx_word' id='word_1_57' title='bbox 257 1264 286 1316; x_wconf 81' lang='grc' dir='ltr'>Ο.</span> <span class='ocrx_word' id='word_1_58' title='bbox 307 1263 455 1315; x_wconf 87' lang='lat' dir='ltr'><strong>PLINIVS</strong></span> <span class='ocrx_word' id='word_1_59' title='bbox 472 1263 683 1315; x_wconf 84' lang='lat' dir='ltr'>SEMPRONIO</span> <span class='ocrx_word' id='word_1_60' title='bbox 701 1264 797 1316; x_wconf 85' lang='lat' dir='ltr'>RVFO</span> <span class='ocrx_word' id='word_1_61' title='bbox 815 1264 882 1317; x_wconf 88' lang='lat' dir='ltr'>SVO</span> <span class='ocrx_word' id='word_1_62' title='bbox 899 1265 925 1318; x_wconf 83' lang='lat' dir='ltr'>S.</span> 
     </span>
    </p>
   </div>
   <div class='ocr_carea' id='block_1_4' title="bbox 94 1401 1078 2661">
    <p class='ocr_par' dir='ltr' id='par_1_5' title="bbox 94 1401 1078 2661">
     <span class='ocr_line' id='line_1_10' title="bbox 179 1401 1071 1485; baseline -0.001 -20"><span class='ocrx_word' id='word_1_63' title='bbox 179 1403 310 1465; x_wconf 60' lang='lat' dir='ltr'>Interfui</span> <span class='ocrx_word' id='word_1_64' title='bbox 334 1402 477 1485; x_wconf 89' lang='lat' dir='ltr'>principis</span> <span class='ocrx_word' id='word_1_65' title='bbox 501 1401 609 1483; x_wconf 90' lang='lat' dir='ltr'>optimi</span> <span class='ocrx_word' id='word_1_66' title='bbox 633 1402 805 1483; x_wconf 78' lang='lat' dir='ltr'>cognitioni,</span> <span class='ocrx_word' id='word_1_67' title='bbox 829 1403 862 1462; x_wconf 91' lang='lat' dir='ltr'>in</span> <span class='ocrx_word' id='word_1_68' title='bbox 886 1403 1071 1464; x_wconf 87' lang='lat' dir='ltr'>consiliuml</span> 
     </span>
     <span class='ocr_line' id='line_1_11' title="bbox 94 1500 1043 1583; baseline 0.001 -21"><span class='ocrx_word' id='word_1_69' title='bbox 94 1515 126 1554; x_wconf 88' lang='lat'>10</span> <span class='ocrx_word' id='word_1_70' title='bbox 139 1503 325 1583; x_wconf 83' lang='lat' dir='ltr'>adsumptus.</span> <span class='ocrx_word' id='word_1_71' title='bbox 381 1501 540 1582; x_wconf 89' lang='lat' dir='ltr'>gymnicus</span> <span class='ocrx_word' id='word_1_72' title='bbox 568 1520 647 1581; x_wconf 90' lang='lat' dir='ltr'>agon</span> <span class='ocrx_word' id='word_1_73' title='bbox 679 1500 760 1580; x_wconf 93' lang='lat' dir='ltr'>apud</span> <span class='ocrx_word' id='word_1_74' title='bbox 789 1500 975 1562; x_wconf 79' lang='lat' dir='ltr'>Viennenses</span> <span class='ocrx_word' id='word_1_75' title='bbox 1005 1522 1043 1562; x_wconf 87' lang='lat' dir='ltr'>ex</span> 
     </span>
     <span class='ocr_line' id='line_1_12' title="bbox 138 1598 1044 1662; baseline -0.001 -1"><span class='ocrx_word' id='word_1_76' title='bbox 138 1600 295 1662; x_wconf 88' lang='lat' dir='ltr'>cuiusdam</span> <span class='ocrx_word' id='word_1_77' title='bbox 315 1606 498 1660; x_wconf 86' lang='lat' dir='ltr'>testamento</span> <span class='ocrx_word' id='word_1_78' title='bbox 519 1598 733 1659; x_wconf 81' lang='lat' dir='ltr'>celebrabatur.</span> <span class='ocrx_word' id='word_1_79' title='bbox 776 1599 856 1661; x_wconf 91' lang='lat' dir='ltr'>hunc</span> <span class='ocrx_word' id='word_1_80' title='bbox 877 1600 1044 1661; x_wconf 86' lang='lat' dir='ltr'>Trebonius</span> 
     </span>
     <span class='ocr_line' id='line_1_13' title="bbox 139 1696 1044 1779; baseline -0.001 -20"><span class='ocrx_word' id='word_1_81' title='bbox 139 1699 275 1771; x_wconf 86' lang='lat' dir='ltr'>Rufinus,</span> <span class='ocrx_word' id='word_1_82' title='bbox 291 1698 339 1758; x_wconf 91' lang='lat' dir='ltr'>uir</span> <span class='ocrx_word' id='word_1_83' title='bbox 353 1697 491 1779; x_wconf 89' lang='lat' dir='ltr'>egregius</span> <span class='ocrx_word' id='word_1_84' title='bbox 505 1696 650 1775; x_wconf 88' lang='lat' dir='ltr'>nobisque</span> <span class='ocrx_word' id='word_1_85' title='bbox 664 1697 785 1770; x_wconf 88' lang='lat' dir='ltr'>amicus,</span> <span class='ocrx_word' id='word_1_86' title='bbox 801 1697 833 1756; x_wconf 93' lang='lat' dir='ltr'>in</span> <span class='ocrx_word' id='word_1_87' title='bbox 847 1698 1044 1758; x_wconf 88' lang='lat' dir='ltr'>duumuiratu</span> 
     </span>
     <span class='ocr_line' id='line_1_14' title="bbox 140 1794 1045 1876; baseline -0.002 -19"><span class='ocrx_word' id='word_1_88' title='bbox 140 1815 195 1857; x_wconf 88' lang='lat' dir='ltr'>suc</span> <span class='ocrx_word' id='word_1_89' title='bbox 208 1794 376 1856; x_wconf 87' lang='lat' dir='ltr'>tollendum</span> <span class='ocrx_word' id='word_1_90' title='bbox 395 1794 635 1873; x_wconf 87' lang='lat' dir='ltr'>abolendumque</span> <span class='ocrx_word' id='word_1_91' title='bbox 652 1794 778 1855; x_wconf 86' lang='lat' dir='ltr'>curauit.</span> <span class='ocrx_word' id='word_1_92' title='bbox 821 1795 988 1876; x_wconf 88' lang='lat' dir='ltr'>negabatur</span> <span class='ocrx_word' id='word_1_93' title='bbox 1007 1816 1045 1855; x_wconf 85' lang='lat' dir='ltr'>ex</span> 
     </span>
     <span class='ocr_line' id='line_1_15' title="bbox 139 1892 1075 1973; baseline 0 -19"><span class='ocrx_word' id='word_1_94' title='bbox 139 1894 320 1955; x_wconf 85' lang='lat' dir='ltr'>auctoritate</span> <span class='ocrx_word' id='word_1_95' title='bbox 349 1892 469 1972; x_wconf 90' lang='lat' dir='ltr'>publica</span> <span class='ocrx_word' id='word_1_96' title='bbox 496 1893 609 1953; x_wconf 84' lang='lat' dir='ltr'>fecisse.</span> <span class='ocrx_word' id='word_1_97' title='bbox 663 1892 726 1971; x_wconf 90' lang='lat' dir='ltr'>egit</span> <span class='ocrx_word' id='word_1_98' title='bbox 753 1892 816 1973; x_wconf 90' lang='lat' dir='ltr'>ipse</span> <span class='ocrx_word' id='word_1_99' title='bbox 841 1913 960 1953; x_wconf 88' lang='lat' dir='ltr'>eausam</span> <span class='ocrx_word' id='word_1_100' title='bbox 984 1898 1075 1955; x_wconf 84' lang='lat' dir='ltr'>non2</span> 
     </span>
     <span class='ocr_line' id='line_1_16' title="bbox 96 1989 1046 2070; baseline -0.002 -19"><span class='ocrx_word' id='word_1_101' title='bbox 96 2011 108 2051; x_wconf 85' lang='lat' dir='ltr'>r</span> <span class='ocrx_word' id='word_1_102' title='bbox 112 2008 127 2065; x_wconf 83' lang='lat'>5</span> <span class='ocrx_word' id='word_1_103' title='bbox 140 1992 240 2053; x_wconf 91' lang='lat' dir='ltr'>minus</span> <span class='ocrx_word' id='word_1_104' title='bbox 253 1991 381 2052; x_wconf 80' lang='lat' dir='ltr'>feliciter</span> <span class='ocrx_word' id='word_1_105' title='bbox 394 2012 484 2070; x_wconf 90' lang='lat' dir='ltr'>quam</span> <span class='ocrx_word' id='word_1_106' title='bbox 495 1990 615 2051; x_wconf 89' lang='lat' dir='ltr'>diserte.</span> <span class='ocrx_word' id='word_1_107' title='bbox 658 1989 887 2049; x_wconf 89' lang='lat' dir='ltr'>commendabat</span> <span class='ocrx_word' id='word_1_108' title='bbox 897 1991 1046 2051; x_wconf 88' lang='lat' dir='ltr'>actionem</span> 
     </span>
     <span class='ocr_line' id='line_1_17' title="bbox 140 2087 1047 2171; baseline -0.002 -20"><span class='ocrx_word' id='word_1_109' title='bbox 140 2090 223 2171; x_wconf 94' lang='lat' dir='ltr'>quod</span> <span class='ocrx_word' id='word_1_110' title='bbox 237 2098 382 2169; x_wconf 86' lang='lat' dir='ltr'>tanquam</span> <span class='ocrx_word' id='word_1_111' title='bbox 396 2089 486 2149; x_wconf 92' lang='lat' dir='ltr'>homo</span> <span class='ocrx_word' id='word_1_112' title='bbox 500 2088 654 2148; x_wconf 89' lang='lat' dir='ltr'>Romanus</span> <span class='ocrx_word' id='word_1_113' title='bbox 668 2095 699 2146; x_wconf 92' lang='lat' dir='ltr'>et</span> <span class='ocrx_word' id='word_1_114' title='bbox 714 2087 811 2146; x_wconf 88' lang='lat' dir='ltr'>bonus</span> <span class='ocrx_word' id='word_1_115' title='bbox 825 2087 899 2147; x_wconf 83' lang='lat' dir='ltr'>ciuis</span> <span class='ocrx_word' id='word_1_116' title='bbox 913 2089 945 2148; x_wconf 89' lang='lat' dir='ltr'>in</span> <span class='ocrx_word' id='word_1_117' title='bbox 959 2109 1047 2169; x_wconf 88' lang='lat' dir='ltr'>nego-</span> 
     </span>
     <span class='ocr_line' id='line_1_18' title="bbox 141 2184 1077 2268; baseline -0.002 -18"><span class='ocrx_word' id='word_1_118' title='bbox 141 2190 185 2251; x_wconf 91' lang='lat' dir='ltr'>tio</span> <span class='ocrx_word' id='word_1_119' title='bbox 199 2209 254 2249; x_wconf 91' lang='lat' dir='ltr'>suc</span> <span class='ocrx_word' id='word_1_120' title='bbox 264 2197 382 2248; x_wconf 88' lang='lat' dir='ltr'>mature</span> <span class='ocrx_word' id='word_1_121' title='bbox 394 2196 425 2248; x_wconf 92' lang='lat' dir='ltr'>et</span> <span class='ocrx_word' id='word_1_122' title='bbox 435 2187 569 2268; x_wconf 86' lang='lat' dir='ltr'>grauiter</span> <span class='ocrx_word' id='word_1_123' title='bbox 580 2184 767 2264; x_wconf 90' lang='lat' dir='ltr'>loquebatur.</span> <span class='ocrx_word' id='word_1_124' title='bbox 800 2206 869 2246; x_wconf 95' lang='lat' dir='ltr'>cum</span> <span class='ocrx_word' id='word_1_125' title='bbox 880 2187 1046 2248; x_wconf 87' lang='lat' dir='ltr'>sententiae</span> <span class='ocrx_word' id='word_1_126' title='bbox 1059 2190 1077 2247; x_wconf 88' lang='lat'><strong>3</strong></span> 
     </span>
     <span class='ocr_line' id='line_1_19' title="bbox 141 2282 1047 2367; baseline -0.003 -20"><span class='ocrx_word' id='word_1_127' title='bbox 141 2295 381 2367; x_wconf 86' lang='lat' dir='ltr'>perrogarentur,</span> <span class='ocrx_word' id='word_1_128' title='bbox 400 2285 480 2345; x_wconf 84' lang='lat' dir='ltr'>dixit</span> <span class='ocrx_word' id='word_1_129' title='bbox 499 2283 604 2344; x_wconf 90' lang='lat' dir='ltr'>Iunius</span> <span class='ocrx_word' id='word_1_130' title='bbox 626 2282 786 2358; x_wconf 88' lang='lat' dir='ltr'>Mauricus,</span> <span class='ocrx_word' id='word_1_131' title='bbox 807 2305 867 2364; x_wconf 91' lang='lat' dir='ltr'>quo</span> <span class='ocrx_word' id='word_1_132' title='bbox 886 2285 952 2346; x_wconf 90' lang='lat' dir='ltr'>uiro</span> <span class='ocrx_word' id='word_1_133' title='bbox 971 2285 1047 2345; x_wconf 91' lang='lat' dir='ltr'>nihil</span> 
     </span>
     <span class='ocr_line' id='line_1_20' title="bbox 141 2383 1048 2458; baseline -0.002 -13"><span class='ocrx_word' id='word_1_134' title='bbox 141 2384 265 2458; x_wconf 88' lang='lat' dir='ltr'>firmius,</span> <span class='ocrx_word' id='word_1_135' title='bbox 281 2383 356 2445; x_wconf 92' lang='lat' dir='ltr'>nihil</span> <span class='ocrx_word' id='word_1_136' title='bbox 370 2384 479 2456; x_wconf 90' lang='lat' dir='ltr'>uerius,</span> <span class='ocrx_word' id='word_1_137' title='bbox 499 2403 559 2443; x_wconf 91' lang='lat' dir='ltr'>non</span> <span class='ocrx_word' id='word_1_138' title='bbox 573 2403 636 2443; x_wconf 89' lang='lat' dir='ltr'>esse</span> <span class='ocrx_word' id='word_1_139' title='bbox 656 2383 878 2444; x_wconf 89' lang='lat' dir='ltr'>restituendum</span> <span class='ocrx_word' id='word_1_140' title='bbox 897 2384 1048 2445; x_wconf 91' lang='lat' dir='ltr'>Viennen-</span> 
     </span>
     <span class='ocr_line' id='line_1_21' title="bbox 95 2481 1048 2565; baseline 0.002 -25"><span class='ocrx_word' id='word_1_141' title='bbox 95 2501 130 2540; x_wconf 62' lang='grc' dir='ltr'>κο</span> <span class='ocrx_word' id='word_1_142' title='bbox 142 2483 225 2544; x_wconf 87' lang='lat' dir='ltr'>sibus</span> <span class='ocrx_word' id='word_1_143' title='bbox 235 2504 348 2565; x_wconf 88' lang='lat' dir='ltr'>agona:</span> <span class='ocrx_word' id='word_1_144' title='bbox 363 2483 474 2543; x_wconf 89' lang='lat' dir='ltr'>adiecit</span> <span class='ocrx_word' id='word_1_145' title='bbox 489 2481 613 2543; x_wconf 90' lang='lat' dir='ltr'>‘uellem</span> <span class='ocrx_word' id='word_1_146' title='bbox 624 2482 716 2542; x_wconf 89' lang='lat' dir='ltr'>etiam</span> <span class='ocrx_word' id='word_1_147' title='bbox 726 2481 839 2544; x_wconf 90' lang='lat' dir='ltr'>Romae</span> <span class='ocrx_word' id='word_1_148' title='bbox 848 2483 914 2544; x_wconf 90' lang='lat' dir='ltr'>tolli</span> <span class='ocrx_word' id='word_1_149' title='bbox 928 2482 1048 2562; x_wconf 67' lang='lat' dir='ltr'>posset!</span> 
     </span>
     <span class='ocr_line' id='line_1_22' title="bbox 184 2579 1078 2661; baseline -0.007 -17"><span class='ocrx_word' id='word_1_150' title='bbox 184 2581 373 2656; x_wconf 83' lang='lat' dir='ltr'>Constanter,</span> <span class='ocrx_word' id='word_1_151' title='bbox 398 2581 505 2660; x_wconf 93' lang='lat' dir='ltr'>inquis,</span> <span class='ocrx_word' id='word_1_152' title='bbox 530 2588 562 2642; x_wconf 90' lang='lat' dir='ltr'>et</span> <span class='ocrx_word' id='word_1_153' title='bbox 587 2581 715 2642; x_wconf 85' lang='lat' dir='ltr'>fortiter.</span> <span class='ocrx_word' id='word_1_154' title='bbox 763 2582 888 2661; x_wconf 81' lang='lat' dir='ltr'>quidnil</span> <span class='ocrx_word' id='word_1_155' title='bbox 917 2582 970 2642; x_wconf 89' lang='lat' dir='ltr'>sed</span> <span class='ocrx_word' id='word_1_156' title='bbox 992 2579 1078 2642; x_wconf 86' lang='lat' dir='ltr'>hoc4</span> 
     </span>
    </p>
   </div>
   <div class='ocr_carea' id='block_1_5' title="bbox 142 2678 1048 2765">
    <p class='ocr_par' dir='ltr' id='par_1_6' title="bbox 142 2678 1048 2765">
     <span class='ocr_line' id='line_1_23' title="bbox 142 2678 1048 2765; baseline -0.002 -23"><span class='ocrx_word' id='word_1_157' title='bbox 142 2701 161 2741; x_wconf 89' lang='lat' dir='ltr'>a</span> <span class='ocrx_word' id='word_1_158' title='bbox 189 2680 325 2742; x_wconf 87' lang='lat' dir='ltr'>Maurico</span> <span class='ocrx_word' id='word_1_159' title='bbox 352 2699 465 2740; x_wconf 92' lang='lat' dir='ltr'>nouum</span> <span class='ocrx_word' id='word_1_160' title='bbox 493 2700 554 2739; x_wconf 93' lang='lat' dir='ltr'>non</span> <span class='ocrx_word' id='word_1_161' title='bbox 581 2688 635 2765; x_wconf 90' lang='lat' dir='ltr'>est.</span> <span class='ocrx_word' id='word_1_162' title='bbox 693 2679 773 2740; x_wconf 90' lang='lat' dir='ltr'>idem</span> <span class='ocrx_word' id='word_1_163' title='bbox 801 2679 882 2758; x_wconf 89' lang='lat' dir='ltr'>apud</span> <span class='ocrx_word' id='word_1_164' title='bbox 914 2678 1048 2740; x_wconf 89' lang='lat' dir='ltr'>Neruam</span> 
     </span>
    </p>
   </div>
   <div class='ocr_carea' id='block_1_6' title="bbox 107 2830 1072 3378">
    <p class='ocr_par' dir='ltr' id='par_1_7' title="bbox 107 2830 1072 3378">
     <span class='ocr_line' id='line_1_24' title="bbox 143 2830 1049 2896; baseline 0.001 -14"><span class='ocrx_word' id='word_1_165' title='bbox 143 2831 160 2881; x_wconf 91' lang='grc'><strong>2</strong></span> <span class='ocrx_word' id='word_1_166' title='bbox 176 2831 324 2896; x_wconf 80' lang='lat' dir='ltr'>uenelreris</span> <span class='ocrx_word' id='word_1_167' title='bbox 336 2847 377 2880; x_wconf 94' lang='lat' dir='ltr'>me</span> <span class='ocrx_word' id='word_1_168' title='bbox 388 2836 408 2881; x_wconf 80' lang='lat' dir='ltr'>B</span> <span class='ocrx_word' id='word_1_169' title='bbox 419 2831 473 2892; x_wconf 82' lang='lat' dir='ltr'>(bct</span> <span class='ocrx_word' id='word_1_170' title='bbox 485 2847 537 2880; x_wconf 87' lang='lat' dir='ltr'>-ne·</span> <span class='ocrx_word' id='word_1_171' title='bbox 550 2830 692 2896; x_wconf 61' lang='lat' dir='ltr'>projacting</span> <span class='ocrx_word' id='word_1_172' title='bbox 698 2830 807 2894; x_wconf 76' lang='lat' dir='ltr'>further</span> <span class='ocrx_word' id='word_1_173' title='bbox 824 2831 887 2880; x_wconf 81' lang='lat' dir='ltr'>tbcc</span> <span class='ocrx_word' id='word_1_174' title='bbox 903 2832 979 2882; x_wconf 79' lang='lat' dir='ltr'>uaaul</span> <span class='ocrx_word' id='word_1_175' title='bbox 995 2831 1049 2883; x_wconf 79' lang='lat' dir='ltr'>icto</span> 
     </span>
     <span class='ocr_line' id='line_1_25' title="bbox 107 2901 1050 2978; baseline 0.001 -14"><span class='ocrx_word' id='word_1_176' title='bbox 107 2901 111 2908; x_wconf 51' lang='lat'>¹</span> <span class='ocrx_word' id='word_1_177' title='bbox 142 2913 254 2977; x_wconf 70' lang='lat' dir='ltr'>marcia,</span> <span class='ocrx_word' id='word_1_178' title='bbox 270 2913 326 2964; x_wconf 79' lang='lat' dir='ltr'>aad</span> <span class='ocrx_word' id='word_1_179' title='bbox 339 2912 452 2978; x_wconf 73' lang='lat' dir='ltr'>possibly</span> <span class='ocrx_word' id='word_1_180' title='bbox 468 2916 485 2963; x_wconf 78' lang='grc'><strong>2</strong></span> <span class='ocrx_word' id='word_1_181' title='bbox 501 2913 538 2975; x_wconf 78' lang='lat' dir='ltr'>lt.)</span> <span class='ocrx_word' id='word_1_182' title='bbox 556 2914 689 2964; x_wconf 86' lang='lat' dir='ltr'>uenereris</span> <span class='ocrx_word' id='word_1_183' title='bbox 705 2929 747 2963; x_wconf 86' lang='lat' dir='ltr'>me</span> <span class='ocrx_word' id='word_1_184' title='bbox 763 2918 782 2963; x_wconf 75' lang='lat' dir='ltr'>F</span> <span class='ocrx_word' id='word_1_185' title='bbox 798 2929 923 2964; x_wconf 87' lang='lat' dir='ltr'>uenerere</span> <span class='ocrx_word' id='word_1_186' title='bbox 940 2930 981 2964; x_wconf 91' lang='lat' dir='ltr'>me</span> <span class='ocrx_word' id='word_1_187' title='bbox 998 2928 1050 2966; x_wconf 81' lang='lat' dir='ltr'>cue</span> 
     </span>
     <span class='ocr_line' id='line_1_26' title="bbox 143 2994 650 3061; baseline -0.002 -15"><span class='ocrx_word' id='word_1_188' title='bbox 143 2995 267 3046; x_wconf 85' lang='lat' dir='ltr'>dilexeris</span> <span class='ocrx_word' id='word_1_189' title='bbox 278 3011 372 3061; x_wconf 89' lang='lat' dir='ltr'>meque</span> <span class='ocrx_word' id='word_1_190' title='bbox 383 2999 430 3046; x_wconf 71' lang='lat' dir='ltr'>biv</span> <span class='ocrx_word' id='word_1_191' title='bbox 441 2994 565 3044; x_wconf 82' lang='lat' dir='ltr'>dilexeris</span> <span class='ocrx_word' id='word_1_192' title='bbox 577 3011 617 3044; x_wconf 90' lang='lat' dir='ltr'>me</span> <span class='ocrx_word' id='word_1_193' title='bbox 629 2994 650 3045; x_wconf 72' lang='lat' dir='ltr'>f</span> 
     </span>
     <span class='ocr_line' id='line_1_27' title="bbox 177 3077 1050 3140; baseline 0 -11"><span class='ocrx_word' id='word_1_194' title='bbox 177 3085 217 3129; x_wconf 71' lang='lat'>8⁸</span> <span class='ocrx_word' id='word_1_195' title='bbox 235 3081 250 3130; x_wconf 90' lang='lat'>8</span> <span class='ocrx_word' id='word_1_196' title='bbox 262 3091 312 3130; x_wconf 82' lang='lat' dir='ltr'>svo</span> <span class='ocrx_word' id='word_1_197' title='bbox 324 3082 401 3140; x_wconf 67' lang='lat' dir='ltr'>Broc,</span> <span class='ocrx_word' id='word_1_198' title='bbox 413 3094 461 3129; x_wconf 85' lang='lat' dir='ltr'>om.</span> <span class='ocrx_word' id='word_1_199' title='bbox 473 3081 539 3128; x_wconf 73' lang='lat' dir='ltr'>Hvu</span> <span class='ocrx_word' id='word_1_200' title='bbox 566 3077 596 3126; x_wconf 88' lang='grc'>21</span> <span class='ocrx_word' id='word_1_201' title='bbox 612 3078 660 3127; x_wconf 91' lang='lat' dir='ltr'>hoc</span> <span class='ocrx_word' id='word_1_202' title='bbox 670 3079 810 3128; x_wconf 84' lang='lat' dir='ltr'>amaurico</span> <span class='ocrx_word' id='word_1_203' title='bbox 819 3083 867 3127; x_wconf 72' lang='lat' dir='ltr'>HV</span> <span class='ocrx_word' id='word_1_204' title='bbox 875 3078 924 3128; x_wconf 92' lang='lat' dir='ltr'>hoc</span> <span class='ocrx_word' id='word_1_205' title='bbox 933 3081 1050 3130; x_wconf 85' lang='lat' dir='ltr'>maurico</span> 
     </span>
     <span class='ocr_line' id='line_1_28' title="bbox 143 3160 1051 3225; baseline -0.001 -13"><span class='ocrx_word' id='word_1_206' title='bbox 143 3161 217 3212; x_wconf 71' lang='lat' dir='ltr'>arfa</span> <span class='ocrx_word' id='word_1_207' title='bbox 228 3161 277 3212; x_wconf 90' lang='lat' dir='ltr'>hoc</span> <span class='ocrx_word' id='word_1_208' title='bbox 288 3160 394 3211; x_wconf 83' lang='lat' dir='ltr'>fortiter</span> <span class='ocrx_word' id='word_1_209' title='bbox 406 3161 521 3210; x_wconf 89' lang='lat' dir='ltr'>maurico</span> <span class='ocrx_word' id='word_1_210' title='bbox 532 3172 566 3210; x_wconf 88' lang='lat' dir='ltr'>ou</span> <span class='ocrx_word' id='word_1_211' title='bbox 595 3161 628 3209; x_wconf 89' lang='grc'>22</span> <span class='ocrx_word' id='word_1_212' title='bbox 644 3176 752 3210; x_wconf 88' lang='lat' dir='ltr'>neruam</span> <span class='ocrx_word' id='word_1_213' title='bbox 764 3161 947 3225; x_wconf 83' lang='lat' dir='ltr'>imperatorem</span> <span class='ocrx_word' id='word_1_214' title='bbox 960 3165 1051 3211; x_wconf 72' lang='lat' dir='ltr'>Brona</span> 
     </span>
     <span class='ocr_line' id='line_1_29' title="bbox 144 3241 1072 3312; baseline -0.008 -17"><span class='ocrx_word' id='word_1_215' title='bbox 144 3244 187 3308; x_wconf 72' lang='lat' dir='ltr'>(cf.</span> <span class='ocrx_word' id='word_1_216' title='bbox 199 3243 255 3295; x_wconf 83' lang='lat' dir='ltr'>Ill.</span> <span class='ocrx_word' id='word_1_217' title='bbox 267 3247 291 3294; x_wconf 83' lang='grc'>6.</span> <span class='ocrx_word' id='word_1_218' title='bbox 302 3245 335 3304; x_wconf 83' lang='grc'>9;</span> <span class='ocrx_word' id='word_1_219' title='bbox 352 3242 403 3294; x_wconf 92' lang='lat' dir='ltr'>IV.</span> <span class='ocrx_word' id='word_1_220' title='bbox 415 3245 482 3294; x_wconf 85' lang='lat'><strong><em>17.8</em></strong></span> <span class='ocrx_word' id='word_1_221' title='bbox 490 3262 497 3293; x_wconf 89' lang='grc'>.·</span> <span class='ocrx_word' id='word_1_222' title='bbox 515 3241 557 3292; x_wconf 76' lang='lat' dir='ltr'>but</span> <span class='ocrx_word' id='word_1_223' title='bbox 575 3241 635 3293; x_wconf 89' lang='lat' dir='ltr'><strong><em>VII.</em></strong></span> <span class='ocrx_word' id='word_1_224' title='bbox 646 3245 688 3294; x_wconf 81' lang='lat'>31.</span> <span class='ocrx_word' id='word_1_225' title='bbox 700 3245 726 3307; x_wconf 71' lang='lat' dir='ltr'>ll</span> <span class='ocrx_word' id='word_1_226' title='bbox 736 3241 1072 3312; x_wconf 52' lang='lat' dir='ltr'>immeratoremderuum</span> 
     </span>
     <span class='ocr_line' id='line_1_30' title="bbox 139 3325 213 3378; baseline 0.014 -1"><span class='ocrx_word' id='word_1_227' title='bbox 139 3325 213 3378; x_wconf 68' lang='lat' dir='ltr'>w!</span> 
     </span>
    </p>
   </div>
   <div class='ocr_carea' id='block_1_7' title="bbox 0 0 1141 3698">
    <p class='ocr_par' dir='ltr' id='par_1_8' title="bbox 0 0 1141 3698">
     <span class='ocr_line' id='line_1_31' title="bbox 0 0 1141 3698; baseline 0 0"><span class='ocrx_word' id='word_1_228' title='bbox 0 0 1141 3698; x_wconf 95' lang='lat' dir='ltr'> </span> 
     </span>
    </p>
   </div>
  </div>
 </body>
</html>
