2250 3698
55 241 227 313 ao.(11.14)
302 241 503 331 nrrsrtnnn
526 240 714 302 snnucrsa
928 243 962 310 a

54 396 192 458 claritate
201 396 250 457 uel
264 397 378 478 negotii
392 396 600 478 magnitudine
611 397 745 478 insignis.
774 398 884 459 adhoc
897 420 960 479 per-
974 400 992 458 2

55 496 144 576 pauci
158 516 225 556 oum
239 496 348 575 quibus
369 496 456 556 iuuat
476 495 593 556 dicere:
615 497 707 556 ceteri
728 496 855 558 audaces
869 506 961 576 atque

55 594 149 654 etiam
170 614 279 675 magna
301 615 339 654 ex
361 602 448 674 parte
470 594 689 655 adulescentuli
712 594 829 655 obscuri
851 595 891 656 ad
913 595 962 656 de-

55 691 245 753 clamandum
278 693 337 752 huc
371 692 564 766 transiemmt,
581 720 583 723 ·
602 700 666 751 tam
700 693 901 754 irreuerenter
930 701 962 754 et

30 797 168 862 stemere
182 798 218 849 ut
231 790 305 850 mihi
319 790 432 850 Atilius
441 797 544 850 noster
553 810 691 870 expresse
700 789 812 851 dixisse
822 791 962 853 uideatur

55 888 98 948 sic
112 889 144 948 in
159 888 224 948 foro
244 908 353 968 pueros
366 909 385 948 a
406 887 675 948 centumuiralibus
696 889 794 949 causis
814 890 961 970 auspicari

55 994 91 1046 ut
113 986 151 1046 ab
174 984 307 1046 Homero
328 987 360 1046 in
383 986 499 1048 scholis.
542 1007 613 1046 nam
634 987 682 1047 hic
705 1007 824 1067 quoque
845 996 881 1048 ut
900 988 962 1048 illic

55 1084 187 1163 primum
201 1085 299 1164 coepit
320 1083 481 1163 essequod
502 1085 669 1144 maximum
690 1092 745 1144 est.
787 1093 821 1145 at
841 1085 992 1147 herculeo

54 1189 127 1243 ante
141 1183 314 1243 memoriam
328 1202 426 1243 meam
442 1183 498 1264 (ita
512 1183 639 1242 maiores
653 1190 728 1243 natu
739 1182 837 1243 solent
850 1184 961 1262 dicere)

13 1301 42 1340 ιο
55 1301 94 1341 ne
106 1280 297 1341 nobilissimis
318 1280 440 1360 quidem
458 1280 692 1341 adulescentulis
713 1280 795 1340 loeus
816 1289 881 1342 erat
905 1283 962 1342 nisi

54 1378 157 1456 aliquo
177 1379 325 1439 consulari
346 1379 549 1458 producente:
576 1386 663 1438 tanta
684 1380 878 1441 ueneratione
899 1380 963 1461 pul-

55 1476 236 1536 cherrimum
250 1497 324 1556 opus
339 1476 499 1537 colebatur.
543 1496 623 1537 nunc
636 1477 773 1537 refractis
793 1478 916 1558 pudoris
931 1487 962 1540 et
974 1481 992 1537 4

54 1574 242 1635 reuerentiae
267 1573 405 1634 claustris
427 1575 527 1635 omnia
547 1582 654 1655 patent
675 1575 821 1651 omnibus,
844 1597 899 1638 nec
919 1577 963 1637 in-

55 1672 210 1732 ducuntur
230 1671 282 1732 sed
310 1671 490 1752 irrumpunt.

14 1787 43 1842 ¹5
97 1770 272 1849 Sequuntur
290 1771 442 1831 auditores
463 1770 614 1831 actoribus
635 1771 755 1844 similes,
774 1772 914 1832 conducti
932 1780 963 1832 et

56 1867 222 1947 redempti:
240 1886 379 1948 manceps
393 1868 591 1929 conuenitur:
613 1869 644 1928 in
656 1869 755 1929 media
769 1868 890 1930 basilica
899 1878 963 1930 tam

56 1965 155 2046 palam
169 1966 320 2046 sportulae
335 1986 425 2045 quam
443 1967 476 2026 in
496 1966 627 2026 triclinio
642 1966 771 2026 dantur:
793 1987 831 2026 ex
852 1967 963 2028 iudicio

55 2065 88 2123 in
109 2064 253 2124 iudicium
274 2064 339 2144 pari
360 2063 495 2124 mercede
518 2064 673 2124 transitur.
716 2063 787 2123 inde
814 2063 875 2122 iam
903 2066 993 2124 non5

56 2165 202 2225 inurbane
237 2165 396 2239 Σοφοκλεῖς
431 2172 578 2225 uocantur
609 2161 678 2244 [ἀπὸ
714 2159 766 2219 τοῦ
793 2161 893 2235 σοφῶς
915 2161 964 2219 καὶ

12 2277 43 2315 20
58 2260 239 2344 καλεῖσθαι];
274 2262 369 2323 isdem
399 2262 542 2322 Latinum
571 2282 680 2321 nomen
714 2259 889 2339 impositum
917 2269 964 2321 est

56 2361 227 2421 Laudiceni.
271 2369 303 2421 et
316 2369 418 2421 tamen
432 2361 538 2421 crescit
558 2360 590 2419 in
606 2359 669 2420 dies
692 2358 820 2419 foeditas
835 2361 993 2438 utraquet

56 2459 161 2539 lingua
175 2467 287 2519 notata.
329 2459 394 2519 heri
415 2458 476 2519 duo
498 2457 735 2519 nomenclatores
755 2458 815 2517 mei
838 2456 963 2537 (habent

56 2577 128 2617 sane
157 2565 287 2617 aetatem
317 2576 418 2617 eorum
449 2556 501 2635 qui
526 2577 622 2636 nuper
653 2565 739 2636 togas
768 2554 961 2634 sumpserint)

56 2655 152 2715 ternis
180 2654 309 2715 denariis
333 2654 372 2715 ad
407 2654 591 2715 laudandum
620 2654 825 2714 trahebantur.
887 2652 963 2712 tanti

91 2866 135 2909 20
153 2863 165 2910 1
184 2860 310 2926 perpauci
324 2865 394 2911 Foua
407 2861 434 2910 iu
446 2861 523 2925 pauci
535 2864 554 2910 B
567 2860 645 2925 pauci
659 2857 726 2910 uvf
755 2859 772 2907 2
788 2859 864 2907 iuuat
875 2860 964 2907 chuu

56 2944 133 2993 iuuet
148 2947 195 2993 ΙΝ
229 2944 260 2993 10
276 2941 482 2993 adulescentulis
498 2947 570 2992 Brcu
587 2940 800 2991 adulescentibus
817 2938 900 2991 uvfa
934 2940 964 2988 13

55 3020 220 3072 inducuntur
242 3024 332 3069 Brcua
354 3017 489 3068 ducuntur
517 3021 563 3066 MV
610 3017 640 3065 15
667 3014 962 3065 conducti-conuenitur

56 3103 200 3167 (mancipes
209 3100 235 3161 f,
247 3117 294 3150 orn.
307 3104 335 3161 B)
345 3098 430 3150 amvf
441 3099 598 3149 conuenitur
607 3113 623 3146 a
633 3096 771 3147 conductis
780 3100 809 3146 et
817 3094 962 3158 redemptis

56 3191 114 3248 (ora.
136 3186 269 3249 manceps)
286 3187 304 3232 F
320 3181 444 3231 conducti
462 3185 489 3231 et
507 3179 638 3246 redempti
656 3180 793 3246 mancipes
808 3176 973 3228 sonuen'xtur

42 3267 72 3319 'a
83 3267 221 3318 conductis
232 3274 260 3315 et
269 3264 415 3332 redemptis
428 3279 480 3318 oua
514 3267 549 3318 22
560 3265 621 3318 heri
631 3265 704 3330 lueri
710 3267 744 3330 u)
752 3261 992 3316 stamnum

45 3348 248 3410 &sumpserint
259 3352 310 3398 MV
318 3357 500 3417 sumpserunt
512 3357 611 3407 Noua
