2250 3698
151 252 205 317 ⁷1.
222 243 282 322 (121.
294 261 337 323 aa)
400 253 602 313 nrrsrvnnn
619 253 811 313 seuuemo.
1012 257 1059 315 ica
1119 345 1122 348 ἢ

150 407 295 467 firmatur.
352 407 463 468 iterum
490 407 620 493 ambulo,
649 427 755 488 ungor,
785 427 945 482 exerceor,·
963 408 1056 469 lauor.

151 505 367 579 cenantimihi,
384 505 491 567 sicum
513 526 608 567 uxore
629 505 679 566 uel
699 506 809 584 paucis,
832 505 909 567 liber
929 505 1088 587 legitur:4

151 612 220 684 post
243 624 348 666 cenam
372 603 532 665 comoedus
554 613 609 665 aut
632 603 772 684 lyristes:
801 624 872 664 mox
894 624 963 666 cum
984 605 1059 666 meis

151 702 279 775 ambulo,
304 722 432 781 quorum
450 703 482 762 in
501 722 627 763 numero
649 711 721 762 sunt
743 702 863 763 cruditi.
905 703 948 762 ita
968 703 1058 763 uariis

124 800 338 865 §sermonibus
359 820 484 880 uespere
505 800 689 874 extenditur,
706 809 738 861 et
757 820 930 880 quanquam
950 800 1059 883 longis

151 898 243 958 aimus
258 898 322 958 dies
337 898 398 960 cito
412 899 561 960 conditur.

191 995 261 1056 Non
296 1017 451 1077 nunquam
479 1017 517 1058 ex
544 997 600 1058 hoc
628 996 734 1058 ordine
761 997 863 1076 aliqua
890 993 1087 1058 mutanturb

150 1115 220 1154 nam
235 1095 260 1155 si
274 1095 328 1156 diu
344 1096 422 1157 iacui
440 1095 490 1157 uel
509 1094 670 1169 ambuleui,
688 1104 757 1175 post
776 1115 915 1155 somnum
936 1094 1058 1155 demum

150 1193 368 1272 lectionemque
393 1214 453 1256 non
481 1194 621 1255 uehiculo
648 1192 709 1266 sed,
736 1192 818 1272 quod
841 1192 964 1253 breuius
988 1193 1059 1271 quia

106 1311 138 1350 10
149 1291 290 1366 uelocius,
307 1313 384 1371 equo
397 1301 508 1374 gestor.
544 1292 753 1352 interueniunt
767 1291 855 1352 amici
866 1311 904 1352 cx
915 1291 1059 1371 proximis

150 1390 277 1470 oppidis,
293 1399 471 1471 partemque
492 1391 553 1452 diei
574 1390 613 1451 ad
635 1411 666 1451 se
687 1390 822 1464 trahunt,
845 1390 1059 1469 interdumque

150 1489 261 1550 lassato
289 1491 364 1550 mihi
392 1498 563 1570 opportuna
592 1489 836 1569 interpellatione
864 1488 1056 1550 subueniunt.

149 1609 245 1650 uenor
258 1588 428 1668 aliquando,
445 1589 499 1649 sed
513 1609 574 1649 non
588 1589 653 1650 sine
673 1588 881 1670 pugillaribus,
897 1596 941 1662 ut,
957 1586 1088 1668 quam-6

150 1688 196 1748 uis
210 1687 287 1749 nihil
301 1688 438 1767 ceperim,
455 1707 517 1748 non
531 1687 606 1748 nihil
620 1687 758 1748 referam.
788 1685 879 1748 datur
890 1694 922 1748 ct
935 1686 1056 1760 colonis,

107 1795 137 1852 ¹5
150 1793 186 1851 ut
210 1786 332 1847 uidetur
358 1787 439 1866 ipsis,
466 1806 527 1847 non
551 1787 624 1846 satis
653 1786 804 1866 temporis,
835 1805 963 1864 quorum
984 1784 1059 1844 mihi

150 1893 282 1966 agrestes
297 1885 436 1963 querelae
450 1885 568 1945 litteras
583 1891 700 1946 nostres
715 1892 747 1945 et
757 1884 831 1945 haec
841 1883 957 1944 urbana
968 1902 1058 1962 opera

149 1983 369 2044 commendant.
412 1983 489 2044 uale.

495 2227 548 2283 71.
582 2226 641 2286 (ΙΧ-
662 2227 715 2287 39·)

363 2341 391 2395 0.
412 2342 560 2395 PLINIVS
577 2341 714 2394 MVSTIO
732 2340 800 2394 SVO
817 2340 843 2393 S.

104 2478 138 2515 20
191 2458 393 2538 Haruspicum
406 2459 525 2520 monitu
538 2458 700 2520 reficienda
714 2468 760 2520 est
779 2459 854 2519 mihi
868 2459 956 2520 aedes
972 2457 1086 2523 Cere-1

149 2559 191 2619 ris
213 2558 245 2618 in
267 2557 396 2637 praediis
418 2559 450 2618 in
473 2557 580 2619 melius
601 2565 632 2618 et
653 2557 686 2616 in
706 2558 811 2630 maius,
830 2565 919 2632 uetus
940 2565 1058 2618 sancet

149 2665 285 2738 angusta,
316 2677 384 2717 cum
412 2656 452 2716 sit
480 2656 592 2734 alioqui
622 2663 703 2717 stato
731 2655 780 2716 die
805 2655 1055 2734 frequentissima.

149 2775 219 2815 nam
233 2754 338 2816 Idibus
353 2754 580 2834 Septembribus
595 2775 723 2835 magnus
738 2774 754 2814 e
768 2754 892 2835 regione
911 2761 978 2814 tcta
998 2754 1057 2814 coit
1069 2757 1087 2814 2

149 2853 285 2934 populus,
301 2854 415 2915 multae
428 2875 475 2914 res
489 2861 630 2934 aguntur,
646 2854 744 2914 multa
757 2861 830 2913 uota
844 2852 1056 2932 suscipiuntur,

103 2967 135 3021 25
149 2953 246 3014 multa
266 2953 443 3014 redduntur.
488 2954 542 3015 scd
563 2947 681 3014 nullum
695 2953 727 3013 in
742 2953 880 3032 proximo
894 2952 1057 3034 suffugium

148 3119 165 3166 2
181 3117 204 3166 si
220 3132 279 3167 cum
295 3131 329 3167 cu
344 3118 382 3167 sic
397 3133 457 3166 cum
471 3130 488 3166 a
502 3114 595 3166 cumf
624 3118 640 3168 3
657 3116 796 3166 comoedus
811 3115 953 3165 Sicbordas
971 3113 1014 3176 (cs.
1030 3113 1054 3163 Ι.

149 3202 188 3250 16.
203 3201 229 3260 2)
246 3199 363 3249 comoedi
375 3198 396 3250 f
408 3198 543 3248 comoedia
554 3211 570 3248 o
581 3198 726 3248 comediam
737 3212 756 3248 n
805 3199 821 3248 6
838 3199 894 3248 cito
907 3195 1069 3247 conditura.

150 3281 393 3332 beneconditurou
406 3279 641 3336 citoclauditurf
667 3283 961 3337 Siacuintacuious.
985 3275 1091 3341 aqum

137 3361 281 3424 aquodou
316 3365 350 3410 12
364 3363 632 3422 lossetoelassoon

499 3632 584 3641 -.—..
