2250 3698
109 209 113 216 ι
135 251 189 311 49.
206 253 280 316 (vn
291 254 319 315 9)
381 252 583 305 EPISTVLAE
606 253 794 306 emersu
1009 255 1042 311 97

175 399 262 461 Nihil
284 400 404 460 offuerit
424 420 501 479 quae
522 400 629 479 legeris
647 400 791 461 hactenus
812 410 848 461 ut
868 421 931 461 rem
955 402 1071 482 argu-3

133 506 332 576 mentumque
351 505 454 557 teneas
475 499 560 575 quasi
580 497 731 558 aemulum
753 499 879 558 scribere
896 498 1041 578 lectisque
1089 507 1095 519 “

134 595 278 670 conferre,
294 615 328 656 ac
349 594 453 656 sedulo
474 596 625 674 pensitare
645 595 719 673 quid
740 603 783 670 tn,
799 594 873 673 quid
893 595 944 656 1116
965 617 1042 657 com-

133 692 262 754 modius.
305 713 415 772 magna
435 692 607 772 gratulatio,
624 694 649 753 si
670 713 731 753 non
752 693 835 754 nulls
855 702 898 768 tu,
915 715 1041 774 magnus

108 805 122 858 5
134 790 241 871 pudor,
258 791 283 851 si
297 798 403 850 cuncta
416 789 467 851 ille
480 790 596 850 melius.

175 888 293 949 Licebit
315 887 468 948 interdum
497 897 528 948 et
555 889 711 949 notissima
739 889 849 968 eligere
871 896 903 950 et
927 897 1040 951 certare

135 1007 204 1047 oum
226 985 337 1047 electis.
379 987 479 1047 audax
500 986 581 1061 haec,
600 1007 660 1047 non
681 994 783 1047 tamen
804 987 947 1066 improba,
970 989 1071 1067 quia4

135 1093 251 1146 secrete
274 1086 445 1146 contentio:
475 1105 647 1165 quenquam
671 1085 783 1146 multos
811 1085 949 1147 uidemus
977 1087 1040 1148 eius

135 1183 218 1245 modi
232 1184 396 1245 certamina
410 1183 466 1244 sibi
481 1204 549 1244 cum
562 1183 659 1244 multa
673 1182 762 1243 laude
776 1183 944 1262 sumpsisse,
955 1203 1041 1263 quos-

93 1299 125 1340 ιο
135 1301 196 1361 que
223 1281 364 1360 subsequi
392 1281 464 1342 satis
491 1280 651 1354 habebant,
681 1280 754 1342 dum
782 1300 843 1340 non
870 1279 1038 1360 desperent,

135 1379 335 1441 antecessisse.

176 1479 295 1540 Poteris
316 1486 347 1539 et
367 1498 443 1557 quae
457 1478 571 1538 dixeris
589 1485 658 1557 post
672 1477 854 1539 obliuionem
868 1481 1069 1554 retractare,5
1121 1500 1124 1506 ·

135 1576 233 1637 multa
253 1577 390 1649 retinere,
412 1576 499 1655 plura
519 1577 654 1651 transire,
671 1577 729 1636 alia
749 1576 964 1650 interscribere,
982 1577 1040 1637 1111

135 1674 305 1736 rescribere.
348 1673 530 1735 laboriosum
553 1674 636 1734 istud
660 1683 692 1734 et
715 1674 816 1735 taedio
840 1674 962 1754 plenum
986 1675 1069 1735 sedb

92 1785 122 1839 15
135 1771 311 1833 difficultate
332 1772 397 1851 ipsa
415 1771 608 1846 fructuosum,
623 1772 802 1834 recalescere
816 1792 854 1833 ex
868 1772 987 1852 integro
1009 1781 1040 1833 et

135 1890 286 1932 resumere
309 1870 457 1948 impetum
484 1869 613 1930 fractum
640 1871 851 1949 missumque,
887 1878 1040 1949 postremo

136 1988 215 2029 noue
242 1967 327 2029 uelut
360 1967 495 2028 membra
521 1975 642 2046 peracto
670 1968 787 2048 corpori
820 1969 957 2028 intexere
984 1988 1039 2030 nec

134 2074 237 2127 tamen
251 2066 351 2146 priora
365 2066 494 2125 turbare.

176 2163 245 2226 Scio
268 2184 348 2224 nunc
369 2163 426 2223 tibi
451 2183 514 2223 esse
541 2163 735 2242 praecipuum
757 2162 892 2225 studium
915 2162 1069 2240 orsndi37

91 2261 187 2324 ²0sed
209 2282 270 2322 non
291 2260 359 2321 ideo
379 2281 497 2340 semper
510 2281 676 2341 pugnacem
691 2260 771 2321 hunc
792 2270 824 2321 et
845 2261 929 2340 quasi
950 2260 1040 2322 bella·

135 2359 248 2420 torium
263 2359 366 2420 stilum
380 2359 530 2419 suaserim
574 2366 610 2418 ut
625 2359 704 2419 enim
725 2367 824 2420 terrae
838 2360 929 2420 uariis
944 2368 1039 2421 muta-

135 2458 234 2536 tisque
258 2457 429 2532 seminibus,
452 2458 496 2517 ita
517 2457 637 2537 ingenia
657 2466 761 2517 nostra
782 2478 860 2518 nuno
883 2457 938 2518 heo
960 2479 1039 2519 nuno

134 2555 187 2615 illa
206 2556 401 2616 meditatione
422 2554 601 2617 recoluntur.
644 2554 714 2615 uolo
735 2555 887 2615 interdum
909 2555 1069 2634 aliquem8

135 2673 174 2714 ex
194 2653 319 2715 historia
342 2652 440 2714 locum
461 2651 675 2732 apprehendas,
698 2651 769 2714 uolo
792 2652 951 2732 epistulam
974 2652 1041 2713 dili·

88 2764 121 2820 25
134 2752 255 2833 gentius
276 2751 394 2812 scribas.
438 2772 508 2811 nam
522 2771 610 2830 saepe
627 2751 659 2811 in
673 2751 823 2811 orationes
845 2770 964 2828 quoque
979 2770 1040 2811 non

134 2850 276 2911 historica
309 2850 399 2910 modo
433 2849 485 2910 sed
518 2870 612 2929 prope
653 2850 770 2929 poetica
803 2849 1040 2928 descriptionum

134 2944 295 3004 necessitas
329 2943 443 3018 incidit,
474 2951 505 3005 et
539 2964 658 3023 pressus
694 2964 791 3004 sermo
820 2963 973 3023 purusque
1001 2962 1040 3003 ex

134 3041 271 3120 epistulis
298 3042 420 3120 petitur.
463 3042 508 3103 iss
535 3049 582 3103 est
609 3050 640 3102 et
668 3042 798 3102 carmine
826 3041 947 3115 remitti,
978 3039 1068 3101 nond

132 3136 202 3200 dieo
223 3139 365 3201 continuo
385 3146 417 3200 et
440 3137 531 3221 longo
552 3140 596 3219 (id
617 3138 697 3200 enim
718 3139 820 3218 perfici
841 3138 899 3198 nisi
922 3137 956 3198 in
975 3136 1039 3199 otio

442 3354 476 3405 23
494 3354 541 3406 illu
553 3355 620 3408 idi-'u
631 3354 698 3409 illuc
709 3369 746 3412 οὶ

578 3455 598 3495 G
