2250 3698
84 241 139 301 21.
158 243 258 306 (11.17)
332 240 531 295 EPISTVLAE
554 237 744 294 SELEOTAR
960 238 992 294 41

84 391 199 452 torium
212 389 380 450 membrum
395 389 525 449 transitu
544 389 748 462 interiacente,
764 389 817 468 qui
832 409 993 470 suspensus

86 497 119 551 et
146 487 303 548 tubulatus
330 495 508 567 conceptum
536 507 679 566 uaporem
707 486 819 547 salubri
847 495 993 567 tempera·

85 595 189 648 mento
216 586 275 646 huc
302 585 373 646 illuc
397 584 510 666 digerit
532 593 564 645 et
587 585 748 646 ministrat.
783 585 900 664 reliqua
923 607 993 666 pars

85 686 189 746 lateris
200 685 290 745 huius
301 704 456 745 seruorum
467 683 704 762 libertorumque
715 683 818 743 usibus
829 683 992 757 detinetur,

58 802 73 857 5
86 785 236 865 plerisque
251 791 314 843 tam
328 782 449 843 mundis
463 790 499 842 ut
512 782 645 861 accipere
659 781 792 861 hospites
806 781 931 862 possint.

127 883 174 942 Ex
187 881 247 942 alio
263 881 358 942 latere
378 881 549 941 cubiculum
564 888 611 940 est
631 879 862 960 politissimum,
883 879 993 940 deinde
1006 886 1040 944 10

86 980 136 1040 uel
164 978 334 1040 cubiculum
368 977 482 1060 grande
517 978 566 1038 uel
601 977 718 1038 modica
753 978 879 1051 cenatio,
915 997 993 1056 quae

86 1077 216 1157 plurimo
225 1076 294 1149 sole,
306 1075 436 1156 plurimo
450 1075 526 1136 mari
540 1075 635 1150 lucet,
649 1083 718 1154 post
732 1075 809 1135 hanc
823 1074 994 1135 cubiculum

86 1196 156 1235 cum
189 1182 376 1254 procoetone,
412 1172 576 1233 altitudine
603 1173 762 1244 aestiuum,
799 1173 994 1234 munimentis

44 1291 74 1331 ιο
86 1272 265 1333 hibernum:
301 1283 348 1332 est
376 1271 456 1332 enim
491 1270 675 1331 subductum
710 1269 850 1330 omnibus
884 1271 993 1332 uentis.

86 1370 157 1430 huic
184 1369 319 1430 cubiculo
346 1368 430 1429 aliud
455 1376 486 1429 et
510 1376 672 1449 procoeton
700 1367 853 1428 communi
879 1369 995 1448 pariete

86 1468 264 1548 iunguntur.
299 1466 370 1527 inde
393 1465 504 1526 balinei
527 1465 602 1526 cella
626 1465 783 1546 frigidaria
805 1467 936 1546 spatiosa
963 1474 1039 1536 etll

87 1567 288 1640 effusacuius
309 1566 341 1624 in
363 1564 520 1625 contrariis
542 1563 708 1643 parietibus
732 1562 794 1624 duo
816 1563 996 1644 baptisteria

86 1664 173 1725 uelut
201 1664 295 1724 eiecta
318 1664 485 1735 sinuantur,
509 1660 629 1721 abunde
653 1661 779 1742 capacia,
804 1661 830 1722 si
858 1662 995 1723 marein

44 1778 74 1833 15
86 1762 224 1842 proximo
251 1761 373 1840 cogites.
410 1758 528 1818 adiacet
560 1759 739 1832 unctorium,
775 1757 993 1839 hypocauston,

86 1860 205 1920 adiacet
225 1859 410 1938 propnigeon
435 1856 553 1930 balinei,
578 1877 649 1917 mox
674 1856 752 1917 duae
779 1857 871 1918 cellae
898 1857 995 1938 magis

87 1957 241 2038 elegantes
261 1977 353 2035 quam
374 1963 584 2036 sumptuosae:
605 1956 745 2015 cohaeret
766 1954 862 2015 calida
881 1955 996 2035 piscina

87 2055 220 2127 mirifica,
236 2075 274 2115 ex
293 2074 354 2132 qua
374 2061 514 2113 natantes
536 2072 618 2112 mare
641 2052 799 2132 aspiciunt,
814 2070 869 2111 nec
891 2051 995 2131 procul
1008 2051 1042 2108 12

87 2153 339 2232 sphaeristerium,
356 2152 438 2230 quod
451 2151 632 2238 calidissimo
643 2150 698 2210 soli
713 2148 856 2210 inclinato
870 2149 931 2209 iam
946 2148 995 2211 die

41 2252 225 2312 woccurrit.
261 2251 309 2311 hic
337 2251 430 2311 turris
453 2250 587 2330 erigitur,
608 2249 663 2309 sub
686 2269 746 2327 qua
767 2247 885 2308 diaetae
908 2248 994 2322 duae,

88 2350 216 2410 totidem
236 2349 269 2409 in
289 2349 361 2430 ipsa,
384 2326 539 2429 praeterea
564 2348 689 2421 cenatio
715 2367 790 2426 quae
815 2347 996 2408 latissimum

87 2467 177 2521 mare,
190 2446 396 2528 longissimum
410 2448 490 2520 litus,
503 2446 726 2507 amoenissimas
741 2446 827 2506 uillas
841 2446 994 2526 prospicit.

88 2555 135 2606 est
163 2553 194 2607 et
218 2546 277 2606 alia
303 2546 413 2606 turris:
442 2546 474 2605 in
502 2546 557 2605 hac
586 2544 765 2618 cubiculum,
801 2544 834 2604 in
862 2566 923 2624 quo
952 2545 996 2606 sol
1009 2546 1042 2603 13

88 2644 221 2704 nascitur
234 2643 450 2724 conditurque:
471 2644 533 2704 lata
546 2652 616 2724 post
631 2644 777 2724 apotheca
790 2650 822 2706 et
835 2641 995 2705 horreum:

41 2753 74 2808 25
88 2742 145 2802 sub
172 2743 228 2803 hoc
256 2741 428 2816 triclinium,
460 2742 541 2822 quod
570 2741 686 2803 turbati
715 2739 806 2803 maris
840 2762 901 2802 non
938 2742 996 2803 nisi

89 2936 101 2983 1
120 2935 166 2999 qui
189 2950 330 3000 suspensus
347 2939 375 2985 et
392 2935 531 2985 subulatus
545 2940 582 2984 BF
595 2936 641 3000 qui
660 2950 801 3000 suspensus
816 2938 845 2984 et
858 2933 996 2996 tabulatus

88 3015 145 3066 Cat.
160 3029 178 3066 a
188 3018 234 3082 qui
245 3033 387 3081 suspensus
398 3023 425 3067 et
436 3020 473 3078 (et
481 3033 528 3066 coa
542 3021 567 3078 c)
580 3016 700 3066 sublatus
712 3029 746 3066 ou
757 3016 827 3081 quod
839 3032 995 3082 suspensum

87 3105 114 3148 et
127 3098 279 3149 tabulatum
291 3102 339 3148 MV
376 3101 392 3150 5
407 3100 509 3164 possint
521 3103 592 3148 etex
605 3103 642 3147 BP
678 3099 694 3148 6
708 3097 907 3163 pollitissimum
921 3100 995 3164 (poli-

88 3183 150 3242 oua)
166 3186 255 3232 BPona
271 3182 438 3247 potissimum
456 3186 503 3231 MV
536 3181 683 3245 8plurimo
700 3181 754 3230 sole
771 3197 820 3231 om.
840 3187 888 3232 htv
923 3185 956 3232 m
973 3183 1002 3232 si

88 3280 159 3313 mare
171 3264 239 3314 nvf
248 3265 289 3313 sin
302 3280 372 3313 ruere
385 3268 458 3316 BFou
470 3264 493 3315 si
506 3264 630 3317 innarea
662 3266 697 3317 Ὦ
715 3266 925 3318 amoenissimas
935 3265 1025 3315 unns

78 3347 167 3392 Brona
179 3344 256 3393 uillas
267 3347 470 3400 amoenissimas
483 3354 534 3403 MV
545 3352 688 3420 prospicit
696 3356 803 3405 unus.
809 3343 1026 3418 possideam?
