2250 3698
144 203 200 290 aa
215 230 291 294 (vu
304 232 347 294 a)
397 230 597 285 nrrsrvms
614 231 804 286 suaseras
960 260 962 264 .
1003 236 1050 288 10³

145 397 244 453 semis,
256 377 357 439 laxare
371 378 505 439 animum
519 377 588 440 lusu
601 377 782 440 calculorum
799 380 901 455 solere,
915 389 1049 461 spectare

144 477 345 555 pantomimos
359 495 429 537 suos
438 498 447 550 3
467 476 520 537 sed
534 496 603 538 cum
623 478 740 538 iactura
760 485 839 539 esset
858 479 1047 554 altemtrum,

144 592 263 653 semper
276 594 308 636 se
321 575 426 654 nepoti
443 593 497 636 suo
515 575 708 654 praecepisse,
724 576 822 637 abiret
836 577 1049 656 studeretque3

144 672 227 751 quod
261 672 335 733 mihi
370 692 431 733 non
464 693 565 735 amore
599 673 664 734 eius
698 674 794 754 magis
828 675 924 736 iacere
958 695 1047 753 quam

117 784 132 840 5
144 771 314 833 reuerentia
327 771 495 832 uidebatur.

185 869 351 944 Miraberis,
378 877 409 931 et
436 889 492 950 ego
515 868 641 930 miratus
669 889 754 930 sum:
788 869 932 948 proximis
957 871 1078 931 sacer-6

144 967 295 1030 dotalibus
308 967 388 1028 ludis
402 967 557 1047 productis
570 967 603 1028 in
619 967 826 1029 commissione
845 968 1046 1048 pantomimis,

144 1087 213 1128 cum
226 1065 316 1127 simul
329 1066 449 1127 theatro
464 1052 566 1147 egeat
585 1064 757 1140 Quadratus
772 1066 989 1145 egrederemur,
1004 1067 1048 1126 ait

144 1164 219 1224 mihi
235 1164 307 1226 ‘scis
321 1184 370 1226 me
388 1164 478 1226 hodie
498 1165 629 1243 primum
649 1163 761 1226 audisse
782 1163 942 1225 saltantem
963 1165 1048 1226 auiae

100 1279 227 1323 semeae
247 1261 427 1323 libertuml'
468 1262 523 1322 hoc
543 1281 644 1340 nepos.
686 1269 719 1321 at
736 1260 856 1322 hercule
875 1261 1078 1322 alienissimi?

143 1348 279 1422 homines
297 1360 330 1420 in
350 1360 494 1421 honorem
515 1357 720 1434 Quadratillae
741 1358 849 1438 (pudet
869 1379 917 1419 me
937 1358 1048 1420 dixisse

143 1457 301 1540 bonorem)
342 1478 396 1538 per
436 1457 618 1530 adulationis
658 1456 788 1517 officium
828 1457 861 1516 in
895 1456 1049 1519 theatrum

142 1556 337 1627 cursitabant,
359 1555 559 1629 exsultabant,
581 1553 774 1633 plaudebant,
797 1554 992 1629 mirabantur,
1014 1575 1049 1617 ac

142 1652 253 1714 deinde
299 1653 432 1733 singulos
476 1661 579 1732 gestus
625 1650 765 1712 dominae
813 1672 881 1713 cum
925 1652 1049 1713 canticis

100 1750 329 1826 15reddebant3
362 1751 415 1831 qui
439 1770 519 1811 nuno
543 1748 735 1829 exiguissima
758 1749 866 1829 legata,
891 1749 1049 1811 theatralis

142 1868 250 1928 operae
281 1848 478 1921 corollarium,
506 1847 653 1927 accipient
683 1847 722 1908 ab
752 1846 871 1921 herede,
904 1847 957 1927 qui
988 1867 1049 1908 non

142 1947 305 2027 spectabat.

184 2043 274 2118 Haec,
295 2044 366 2123 quia
384 2043 468 2116 soles,
487 2043 513 2103 si
532 2041 606 2121 quid
627 2040 733 2103 incidit
753 2041 833 2114 noui,
852 2062 913 2102 non
933 2041 1078 2105 inuitusil

141 2141 265 2218 audire;
283 2141 401 2215 deinde,
414 2142 485 2222 quia
495 2140 659 2202 iucundum
671 2147 718 2202 est
731 2140 806 2200 mihi
821 2139 902 2219 quod
913 2160 1049 2220 ceperam

97 2259 131 2298 ao
142 2239 287 2320 gaudium
306 2239 462 2301 scribendo
483 2246 652 2300 retractare.
695 2237 813 2320 gaudeo
834 2239 915 2299 enim
935 2240 1049 2319 pietate

143 2337 310 2413 defunctae,
327 2338 440 2399 honore
454 2337 561 2418 optimi
580 2337 698 2398 iuuenis
708 2360 717 2412 ;
738 2337 834 2398 laetor
854 2338 946 2399 etiam
966 2338 1049 2417 quod

142 2437 250 2506 domus
263 2437 425 2516 aliquando
436 2436 468 2499 O.
483 2436 574 2511 Cassi,
588 2437 677 2498 huius
692 2437 744 2516 qui
759 2436 917 2499 Cassianae
931 2435 1050 2498 scholae

143 2535 280 2616 princeps
303 2546 334 2597 et
354 2555 462 2616 parens
483 2536 549 2609 fuit,
573 2535 685 2596 seruiet
704 2534 827 2596 domino
848 2556 909 2596 non
929 2534 1046 2596 minori.

142 2633 281 2714 implebit
308 2635 389 2696 enim
422 2634 504 2694 illam
539 2633 710 2708 Quadratus
744 2652 829 2694 meus
864 2642 895 2693 et
920 2632 1079 2708 decebitil

97 2744 129 2800 25
143 2752 306 2812 rursusque
344 2733 371 2793 ei
409 2733 567 2812 pristinam
607 2731 795 2811 dignitatem,
835 2729 1047 2804 celebritatem,

143 2829 269 2911 gloriam
296 2829 410 2904 reddet,
441 2850 508 2890 cum
536 2837 641 2890 tantus
668 2837 772 2890 orator
798 2828 869 2891 inde
896 2827 1048 2910 procedet,

143 2937 275 3007 quantus
289 2928 364 2989 iuris
377 2927 428 2989 ille
442 2927 605 2990 consultus.
648 2927 722 2988 uale.

146 3109 177 3158 18
198 3107 263 3158 haec
280 3109 343 3174 quia
362 3112 422 3159 Heu
441 3107 506 3158 haec
526 3107 619 3173 scripsi
638 3108 700 3172 quia
719 3122 737 3158 a
755 3106 804 3158 hec
823 3107 917 3174 scripsi
934 3107 1050 3172 primum

144 3190 240 3256 quiaf
274 3193 304 3244 19
321 3191 666 3257 ceperamflaceperimou
