2250 3698
136 228 191 290 25.
209 230 273 295 (111.
282 231 310 294 7)
381 225 582 283 EPISTVLAE
605 224 795 284 SELEOTAE.
1009 225 1042 283 55

136 379 255 460 Vergili
276 385 348 439 ante
370 398 481 451 omnes,
505 377 589 438 cuius
611 377 742 437 natalem
762 377 930 458 religiosius
950 398 1041 457 qnam

136 498 227 538 suum
247 476 425 550 celebrabat,
444 475 572 556 Neapoli
591 474 729 551 maxime,
752 476 804 536 ubi
823 477 1041 538 monimentum

136 575 202 635 eius
216 573 348 635 adirent
362 574 509 654 templum
523 574 646 635 solebat,

178 671 216 733 In
234 672 290 734 hac
309 671 530 750 tranquillitate
558 692 670 732 annum
698 671 838 750 quintum
866 682 897 732 et
925 680 1042 753 septua
1070 679 1087 737 9

109 788 123 842 5
136 769 902 853 gensimumexeessit‚delicatomagiscorporequam
910 771 1041 846 infirmo,

136 878 233 948 utque
247 869 426 930 nouissimus
444 888 463 928 a
479 867 600 929 Nerone
617 868 716 929 factus
734 876 780 929 cst
798 869 909 942 consul,
929 868 974 929 ita
992 889 1043 949 po

136 965 1040 1044 stremusexomnibusquosNeroconsulesfeceratdeceesit.

136 1065 215 1126 illud
236 1065 327 1125 etiam
348 1064 489 1137 notabile,
512 1063 636 1124 ultimus
665 1084 703 1124 ex
731 1063 911 1126 Neronianis
939 1074 1088 1134 consu-10

136 1162 250 1223 laribus
280 1161 356 1222 obiit
384 1181 443 1239 quo
471 1160 590 1222 consule
618 1160 701 1222 Nero
728 1162 827 1241 periit.
884 1161 966 1240 quod
994 1183 1042 1222 me

93 1277 125 1316 10
137 1259 346 1322 recordantem
373 1259 547 1339 fragilitatis
581 1258 730 1318 humanae
764 1259 916 1320 miseratio
951 1259 1043 1343 subit.-

138 1358 213 1438 quid
227 1357 307 1418 enim
321 1365 385 1417 tarn
399 1356 612 1430 circumcisum,
629 1366 692 1416 tam
706 1356 798 1417 breue
812 1377 903 1436 quam
913 1357 1042 1418 hominis
1055 1363 1087 1424 11

138 1457 204 1518 uita
223 1455 416 1538 longissimal
456 1475 495 1514 an
520 1474 579 1515 non
607 1454 730 1515 uidetur
758 1453 815 1514 tibi
842 1453 925 1516 Nero
952 1455 1042 1517 modo

138 1554 228 1616 modo
241 1554 353 1614 fuisset
373 1573 441 1613 cum
454 1551 576 1613 interim
591 1572 628 1612 ex
641 1553 678 1612 iis
692 1553 745 1632 qui
760 1553 815 1613 sub
825 1553 877 1614 illo
887 1562 1042 1635 gesserant

138 1639 328 1715 consulatum
342 1671 430 1711 nemo
443 1650 504 1710 iam
517 1659 661 1730 superest.
704 1671 875 1730 quanquam
894 1652 1042 1730 quidhoc
1055 1661 1089 1720 12

95 1761 125 1816 15
139 1751 250 1813 mirorl
270 1770 366 1830 nuper
377 1748 410 1809 L.
424 1749 501 1822 Piae,
514 1756 600 1828 pater
611 1748 728 1808 Pisonis
738 1749 819 1810 illius
829 1750 881 1828 qui
892 1771 911 1809 a
921 1749 1042 1811 Valerio

139 1850 230 1911 Festo
256 1870 310 1930 per
337 1868 486 1908 summum
513 1847 628 1908 facinus
655 1847 686 1906 in
715 1847 818 1908 Africa
845 1848 957 1908 oecisus
987 1856 1040 1921 est,

140 1949 238 2010 dicere
249 1947 364 2008 solebat
375 1945 525 2007 neminem
534 1965 565 2005 se
574 1934 677 2006 uidere
685 1945 717 2004 in
727 1954 833 2006 senatu
842 1966 931 2024 quem
940 1945 1043 2007 consul

140 2046 203 2126 ipse
224 2045 405 2107 sententiam
433 2043 606 2124 rogauisset.
651 2050 714 2102 tam
743 2043 879 2122 angustis
906 2043 1043 2104 terminis
1056 2052 1098 2119 13,

140 2152 243 2205 tantae
264 2141 468 2203 multitudinis
499 2140 644 2201 uiuacitas
672 2140 737 2219 ipsa
765 2139 969 2201 concluditur!
1008 2149 1043 2202 ut

94 2242 215 2303 aomihi
242 2262 302 2302 non
330 2241 419 2301 uenio
447 2240 544 2300 solum
572 2237 681 2318 dignae
709 2258 815 2297 uerum
840 2238 931 2298 etiam
955 2238 1043 2300 laude

140 2339 302 2401 uideantur
315 2339 384 2399 illae
398 2339 497 2419 regiae
512 2337 657 2398 lacrimae.
703 2357 772 2395 nam
791 2336 893 2397 ferunt
910 2337 1041 2412 Xerxen,

141 2458 209 2499 cum
223 2438 401 2498 immensum
418 2436 583 2496 exercitum
599 2434 692 2495 oculis
707 2434 825 2508 obisset,
842 2435 1041 2509 illacrimasse,

141 2535 223 2614 quod
237 2542 284 2596 tot
298 2534 418 2594 milibus
433 2542 495 2594 tam
510 2533 610 2594 breuis
630 2532 801 2593 immineret
819 2553 946 2594 occasus.
990 2535 1044 2595 sed
1056 2536 1090 2594 14

140 2641 228 2694 tanto
262 2632 357 2713 magis
389 2632 444 2692 hoc
472 2630 616 2708 quioquid
644 2638 689 2690 est
717 2630 861 2710 temporis
881 2631 991 2692 futtilis
1013 2640 1044 2692 et

94 2743 128 2797 25
141 2731 252 2804 caduci,
276 2731 301 2790 si
322 2751 382 2790 non
403 2730 494 2790 datur
507 2728 594 2787 factis
616 2715 699 2806 (narn
728 2728 836 2788 horum
859 2728 986 2788 materia
1012 2729 1044 2788 in
1072 2785 1073 2789 ,

140 2829 238 2890 aliena
258 2827 371 2907 manu),
394 2833 474 2887 certe
496 2825 603 2884 studiis
624 2825 817 2905 proferamus,
841 2834 872 2886 et
896 2833 1044 2905 quatenus

141 2927 227 2988 nobis
246 2926 414 3006 denegatur
432 2924 485 2984 diu
505 2923 615 2996 uiuere,
636 2923 840 3001 relinquamus
856 2924 971 3003 aliquid
984 2945 1045 3004 quo

143 3089 154 3137 l
169 3085 271 3152 uergilii
283 3089 348 3135 ch
358 3083 458 3148 uirgilii
469 3087 523 3133 rou
551 3083 567 3131 5
579 3081 692 3131 excessit
703 3080 786 3132 vaa
797 3081 910 3133 decessit
922 3082 975 3142 ((10-
987 3097 1047 3133 over

141 3184 244 3219 erasure
255 3170 284 3229 F)
296 3172 349 3217 rou
383 3167 414 3214 12
427 3163 652 3215 modomodotrv
664 3162 741 3213 modo
754 3168 824 3213 roua
858 3165 888 3214 13
901 3163 935 3213 iis
946 3164 1046 3215 raillis

141 3264 176 3301 ou
192 3249 234 3299 his
250 3254 298 3299 HV
329 3249 362 3299 23
379 3246 455 3297 breui
472 3244 624 3296 Laithc'tceer
656 3245 689 3295 24
708 3248 786 3296 tanto
800 3249 877 3297 {oua
889 3248 983 3296 eom
1015 3245 1057 3296 ult

138 3335 210 3380 certe
218 3336 290 3381 Fora
299 3345 349 3380 nos
360 3333 433 3382 certe
443 3333 473 3381 11
483 3344 595 3384 noscere
607 3331 648 3396 (ct
660 3329 713 3385 ced
725 3329 754 3401 os
762 3328 861 3397 liaeW
