2250 3698
120 167 156 274 ἰι
209 169 211 172 ⁴
255 245 256 248 ι
331 213 359 272 e.
380 210 482 272 mnu
498 211 644 271 aurern
660 210 819 272 saevum
893 209 924 276 o.
943 212 975 282 (r.
989 211 1031 283 m

124 369 214 429 sitatc
242 376 295 441 est,
325 368 364 428 ad
398 369 455 428 hoc
488 367 646 428 consilium
673 366 827 446 compulit,
857 385 1032 446 quanquam

123 466 267 548 plurimas
281 467 406 527 uiuendi
419 486 523 527 causas
537 466 707 539 habentem,
723 465 869 546 optimam
882 465 1033 526 conscien-

124 565 207 638 tiam,
230 565 375 644 optimam
395 565 515 636 famam,
530 564 694 623 maximam
714 563 934 645 auctoritatem,
950 582 1034 643 prae-

125 671 209 723 terea
232 663 333 734 filiam,
356 682 490 734 uxorem,
511 671 660 741 nepotem,
680 681 802 734 sorores,
825 661 966 740 interque
985 669 1034 722 tot

96 761 252 841 4pignora
279 781 366 820 ueros
394 760 511 820 amicos
555 760 609 819 scd
636 767 700 819 tam
724 759 822 839 longa,
845 766 909 818 tam
929 759 1035 838 iniqua
1067 776 1083 832 5

127 858 301 919 ualetudine
315 857 544 919 conflictabatur
557 865 593 917 ut
606 858 680 918 haec
694 864 781 917 tanta
794 857 893 938 pretia
909 857 1035 919 uiuendi

127 956 232 1015 mortis
246 956 413 1016 rationibus
427 956 628 1016 uincerentur.

168 1053 271 1114 Tertio
299 1061 331 1114 ct
358 1054 530 1114 tricensimo
558 1074 644 1127 anno,
674 1062 711 1113 ut
737 1054 837 1133 ipsum
865 1054 1033 1128 audiebam,

127 1152 239 1232 pedum
267 1151 369 1212 dolore
397 1160 552 1232 correptus
573 1160 627 1212 est.
670 1153 786 1232 patrius
809 1152 858 1212 hic
879 1152 941 1213 illi:
965 1172 1037 1212 nam

128 1251 305 1331 plerumque
326 1251 423 1312 morbi
444 1271 564 1330 quoque
584 1271 638 1330 per
661 1251 859 1311 successiones
881 1249 1035 1328 quasdam,
1053 1267 1087 1305 ιο

98 1352 116 1408 5
128 1358 164 1410 ut
177 1350 244 1423 alia,
261 1350 431 1410 traduntur.
457 1350 538 1410 hunc
549 1348 740 1423 abstinentia,
753 1349 922 1421 sanctitate,
936 1347 1038 1426 quoad

129 1449 234 1509 uiridis
249 1457 339 1522 actas,
356 1449 430 1509 uicit
444 1456 475 1508 et
489 1447 581 1527 fregit
593 1470 601 1521 3
622 1447 784 1508 nouissime
798 1467 866 1508 cum
880 1453 1037 1507 senectute

99 1550 116 1609 6
129 1546 388 1628 ingrauescentem
402 1546 517 1606 uiribus
531 1545 624 1605 animi
639 1545 814 1620 sustinebat,
830 1564 900 1605 cum
914 1543 1038 1623 quidem

129 1644 318 1705 incredibiles
341 1644 490 1705 cruciatus
510 1652 541 1704 ct
559 1643 767 1724 indignissima
786 1649 939 1703 tormenta
955 1648 1038 1721 pate-

129 1750 221 1804 retur.
264 1743 325 1803 iam
347 1742 426 1802 enim
448 1741 533 1803 dolor
553 1762 614 1802 non
633 1741 759 1820 pedibus
781 1740 859 1814 solis,
880 1747 916 1799 ut
943 1739 1036 1819 prius,
1056 1761 1065 1799 ι
1070 1759 1086 1814 5

129 1843 280 1904 insidebat
294 1843 347 1903 scd
361 1843 462 1902 omnia
480 1841 615 1902 membra
634 1839 864 1920 pernegabatur.
908 1837 979 1897 ueni
999 1837 1039 1898 ad

131 1961 200 2002 cum
222 1941 389 2001 Domitiani
412 1939 597 2020 temporibus
619 1939 652 1997 in
680 1937 851 1997 suburbano
879 1937 1037 1997 iacentem.

58 2025 62 2031 ⁴
101 2048 118 2105 7
131 2039 211 2099 serui
226 2060 241 2099 e
259 2038 395 2100 cubiculo
409 2045 614 2098 recesserunt:
635 2036 767 2097 habebat
781 2036 837 2096 hoc
852 2034 951 2107 moris,
968 2052 1039 2113 quo

131 2139 209 2199 tiens
244 2139 386 2199 intrasset
420 2137 536 2198 fidelior
564 2136 694 2209 amicus3
729 2134 802 2212 quin
831 2133 924 2193 etiam
951 2152 1037 2206 uxor,

131 2257 303 2316 quanquam
326 2236 422 2296 omnis
450 2234 557 2295 secreti
580 2233 778 2313 capacissima,
802 2229 1037 2312 digredicbatur.
1054 2249 1089 2287 20

102 2343 118 2399 8
131 2333 315 2395 circumtulit
330 2333 430 2394 oculos
445 2340 476 2393 ct
489 2330 565 2392 ‘cur'
575 2331 675 2410 inquit
692 2337 755 2390 ‘me
769 2337 859 2409 putas
873 2329 927 2388 hos
937 2335 1039 2388 tantos

130 2431 248 2493 dolores
263 2439 326 2491 tam
341 2431 393 2490 diu
408 2431 575 2491 sustineret
616 2437 651 2489 ut
665 2428 778 2489 scilicet
792 2427 844 2487 isti
863 2425 974 2486 latroni
989 2425 1039 2486 uel

131 2551 192 2590 uno
211 2530 260 2589 die
280 2527 445 2608 supersim)
486 2528 619 2589 dedisses
636 2527 706 2588 huic
725 2527 826 2586 animo
845 2544 900 2605 par
921 2543 1037 2604 corpus,

131 2629 249 2690 fecisset
264 2627 345 2707 quod
360 2627 492 2707 optabat.
984 2615 986 2618 Α

172 2727 282 2787 Adfuit
297 2734 398 2786 tamen
415 2727 488 2786 deus
503 2734 584 2800 uoto,
601 2725 685 2786 cuius
704 2724 755 2784 illc
775 2741 903 2803 compos,
924 2728 960 2781 ut
978 2719 1039 2780 iam
1054 2735 1087 2790 25

131 2846 251 2886 securus
265 2826 400 2905 liberque
411 2825 583 2898 moriturus
596 2823 693 2883 multa
703 2822 756 2882 illa
766 2821 848 2881 uitae
859 2818 912 2879 sed
923 2818 1040 2878 minora

101 2925 296 2995 9retinacula
318 2924 447 3004 abrupit.
490 2924 659 2984 increucrat
680 2919 832 2993 ualetudo,
848 2926 947 2998 'quam
966 2926 1040 2977 tem-

131 3023 268 3104 perantia
277 3023 416 3104 mitigare
425 3021 590 3101 temptauit
594 3042 602 3094 3
617 3026 861 3100 perseuerantem
869 3015 1040 3078 constantia

129 3252 146 3301 2
158 3252 284 3317 optimam
293 3249 481 3299 conscientiam
492 3263 540 3297 om.
554 3251 602 3296 MV
626 3247 655 3295 18
667 3243 782 3295 habebat
790 3243 841 3325 hoe
849 3245 916 3294 m
923 3239 1040 3292 habebat

130 3334 200 3386 enim
212 3333 262 3384 hoc
272 3339 326 3384 rou
337 3331 452 3382 habebat
463 3331 486 3380 is
497 3329 547 3380 hoc
557 3342 576 3380 a
609 3327 640 3379 19
656 3327 721 3394 quin
732 3342 781 3378 om·
795 3329 845 3377 HV
