2250 3698
151 221 205 281 ΩΙ.
222 224 268 288 (ΙΙ.
281 228 322 289 17)
396 225 596 278 EPISTVLAE
619 227 808 281 SELEOTAF„
1024 229 1057 283 30

151 371 297 433 ueeabule
323 380 425 452 potest
453 373 580 453 exprimi
609 374 736 435 theatris
768 396 887 454 quoque
916 375 1057 437 indeeora

151 469 296 551 laudatio)
312 470 395 551 large
409 480 578 550 supersunt.
608 493 663 533 nos
677 480 779 534 tamen
789 473 887 534 adhue
898 481 930 534 et
940 474 1056 534 utilitas
1069 480 1102 537 14

150 567 312 629 amicorum
327 576 358 629 et
366 569 445 630 ratio
455 570 563 630 aetatis
574 579 710 631 moratur
723 591 757 632 ae
767 572 895 632 retinet:
917 572 1057 633 ueremur

150 665 231 727 enim
244 687 282 728 ne
296 667 375 728 forte
389 687 450 728 non
465 667 518 729 hes
529 668 727 750 indignitates
741 669 896 748 reliquisse
910 669 963 730 sed
977 669 1056 730 labe

105 783 119 838 5
150 785 214 825 rem
234 765 347 846 fugisse
361 766 527 827 uideamur.
570 787 674 827 sumus
694 775 797 828 tamen
813 767 902 828 solito
919 767 1055 842 rariores,

149 861 231 941 quod
244 863 366 924 initium
380 872 426 925 est
438 863 589 945 gradatim
602 864 766 926 desinendi.
809 864 884 926 uele

498 1155 549 1211 nr.
585 1156 632 1219 (Π.
654 1114 718 1219 ui

370 1282 400 1336 0.
420 1283 568 1336 PLINIVS
585 1283 704 1336 GALLO
722 1283 790 1337 SVO
807 1285 833 1336 S.

191 1409 312 1474 Miraris
340 1433 394 1474 eur
420 1433 468 1474 me
496 1413 715 1474 Laurentinum
743 1413 801 1488 uel,
826 1413 851 1474 si
878 1412 923 1473 ita
949 1412 1054 1488 mauis,
1085 1413 1100 1472 1

104 1544 136 1583 10
148 1510 282 1572 Laurens
296 1532 397 1572 meum
416 1519 503 1572 tento
524 1532 613 1592 opere
634 1512 781 1574 delectet:
803 1512 921 1573 desines
943 1513 1054 1587 mirari,

148 1630 218 1670 eum
238 1611 413 1692 cognoueris
434 1609 564 1692 gratiam
585 1610 683 1686 uillae,
707 1611 966 1691 opportunitatem
988 1604 1054 1684 loei,

147 1707 245 1768 literis
266 1707 405 1788 spatium.
455 1707 559 1769 deeem
580 1716 611 1768 et
632 1703 748 1788 septem
770 1709 892 1770 milibus
912 1729 1055 1789 passuum
1084 1708 1102 1765 2

147 1805 186 1866 ab
214 1802 288 1865 urbe
316 1805 445 1879 secessit,
471 1813 507 1867 ut
535 1806 664 1887 peractis
692 1827 768 1886 quae
796 1806 914 1888 agenda
941 1800 1056 1866 fuerint

148 1902 232 1964 saluo
246 1902 306 1963 iam
321 1912 352 1964 et
365 1904 530 1984 eompesito
544 1903 593 1965 die
614 1905 708 1984 pessis
723 1904 765 1964 ibi
782 1923 911 1964 manere.
954 1903 1057 1963 aditur

105 2018 135 2073 15
149 2022 210 2062 non
224 2021 284 2061 una
299 2001 366 2076 uia3
387 2022 457 2061 nam
479 2009 510 2062 et
531 2000 716 2063 Laurentina
730 2009 763 2061 et
784 2000 931 2062 Ostiensis
951 2000 1056 2062 eodem

148 2099 259 2174 ferrmt,
296 2099 348 2160 sed
383 2098 567 2160 Laurentina
600 2120 618 2159 a
653 2106 761 2179 quarto
796 2098 912 2158 deeimo
946 2097 1055 2178 lapide,

148 2197 297 2260 Ostiensis
320 2198 358 2258 ab
387 2197 545 2258 undecimo
581 2197 779 2277 relinquenda
807 2204 860 2257 est.
904 2195 1058 2275 utrimque

149 2296 262 2379 exeipit
275 2297 334 2358 iter
354 2296 455 2376 aliqua
475 2316 513 2356 ex
530 2304 616 2376 parte
639 2296 826 2368 harenosum,
842 2294 952 2355 iunctis
966 2288 1057 2374 paulo

149 2395 271 2477 grauius
292 2403 323 2456 et
344 2394 470 2482 longius,
488 2415 565 2474 equo
588 2394 680 2455 breue
698 2401 729 2454 et
751 2392 865 2482 molle,
882 2392 966 2453 uaria
986 2391 1057 2454 hine
1085 2394 1102 2452 3

104 2515 137 2554 20
149 2503 241 2575 atque
255 2492 325 2556 inde
340 2496 431 2556 facies
444 2519 451 2555 ε
474 2516 543 2556 nam
559 2495 649 2556 medo
669 2492 894 2555 occurrentibus
908 2489 992 2552 siluis
1006 2491 1057 2551 uie

149 2602 310 2669 euertatur,
326 2595 416 2655 modo
438 2593 592 2654 latissimis
613 2592 708 2673 pratis
730 2589 911 2675 diffunditur
924 2595 956 2650 et
976 2595 1057 2668 pate-

150 2691 224 2767 seit;
244 2692 333 2752 multi
352 2712 459 2774 greges
481 2691 591 2765 ouium,
610 2691 707 2751 multe
728 2685 770 2750 ibi
787 2707 941 2768 equorum,
964 2685 1056 2746 boum

149 2798 293 2864 armenta,
323 2810 399 2870 quae
428 2788 582 2850 montibus
610 2789 708 2849 hieme
743 2786 869 2867 depulsa-
896 2783 997 2846 herbis
1025 2792 1057 2846 et

150 2896 254 2968 tepere
267 2908 361 2949 uerno
375 2889 535 2949 nitescunt.

103 3001 136 3056 25
190 2983 271 3046 Villa
288 2986 392 3046 usibus
413 3005 515 3066 capax,
536 3004 597 3044 non
619 2990 794 3063 sumptuosa
818 2981 925 3043 tutela.
972 2979 1057 3042 euius
1085 2982 1103 3038 4

149 3083 303 3162 inprime
325 3091 411 3163 perte
433 3082 545 3143 atrium
570 3081 651 3162 frugi
678 3099 733 3141 nee
761 3088 863 3140 tamen
891 3076 1056 3152 sordidum,

184 3251 223 3295 ιι
244 3248 275 3297 12
290 3249 319 3297 et
330 3261 378 3298 mn.
389 3249 458 3298 m
491 3245 522 3299 1³
534 3245 645 3298 recessit
656 3242 716 3298 neu
749 3245 785 3297 it
802 3247 833 3296 et
842 3240 985 3296 Ostiensis
998 3235 1090 3291 ..esen

142 3325 303 3378 Laureatr‘ua
315 3343 366 3380 onev
377 3333 431 3383 MV
461 3331 499 3385 24
515 3336 613 3404 tepore
624 3331 731 3388 mh
740 3331 956 3400 temperem
