2250 3698
141 232 174 293 ὅ.
193 233 226 299 (Ι.
238 239 264 299 6)
391 232 592 288 EPISTVLAE
614 234 804 290 SELEOTAR
1033 233 1051 293 7

142 383 274 464 epistula
287 383 427 463 quadam,
443 404 520 463 quae
534 383 616 464 apud
631 384 839 445 Domitianum
853 385 980 446 recitata
993 391 1048 457 eat,

143 488 162 516 “
171 481 315 563 Regulus,
346 483 480 542 omnium
507 482 651 561 bipedum
673 483 873 562 nequissimus
882 481 926 557 ''';
967 481 1049 561 quod

142 580 266 660 quidem
280 580 439 641 Modestus
454 581 608 641 uerissime
623 581 790 661 scripserat.
875 619 877 624 ,

183 678 243 739 Hic
270 677 333 739 fere
361 679 446 739 nobis
474 679 619 740 sermonis
646 679 800 739 terminus.
843 698 939 757 neque
968 677 1048 738 enim
1061 679 1095 737 15

113 787 128 840 5
141 776 226 837 uolui
240 776 381 858 progredi
395 776 521 856 longius,
538 784 574 836 ut
587 776 661 836 mihi
672 777 773 837 omnia
783 776 877 836 libera
887 794 1045 849 samaram,

140 874 221 949 dum
222 864 347 992 diffie
369 895 383 945 s
419 874 490 934 enit.
533 893 588 935 nec
601 855 805 1032 megisti&
819 894 882 934 esse
896 873 1048 954 Regulum

134 952 378 1048 'dddka‘dmpeiom
408 974 445 1031 ‘st
464 971 544 1032 enim
563 956 656 1087 lo‘biip
681 992 703 1046 s,
719 971 870 1046 factiosus,
886 978 1009 1031 curatur
1029 991 1047 1030 a

92 1136 99 1149 ⁶
140 1068 254 1143 multis,
277 1070 402 1130 timetur
422 1090 440 1129 a
460 1053 710 1149 pluribusscsfdd
733 1069 910 1149 plerumque
937 1067 1046 1177 fprtp's
1107 1133 1111 1139 ¹

140 1187 242 1250 amore
269 1174 324 1227 est.
369 1174 482 1279 pptest
516 1175 617 1227 tamen
648 1166 713 1227 fieri
741 1175 777 1226 ut
804 1163 889 1226 haec'
905 1140 1096 1226 editham-‘⁷

87 1230 321 1325 ”itiiiiidfitbffl
333 1232 403 1324 iliam
413 1242 520 1345 ''ffiatia
538 1264 686 1326 malorum
703 1272 767 1324 tam
784 1263 878 1323 infida
894 1272 939 1324 est
956 1284 1047 1341 quam
1060 1266 1093 1323 16

139 1362 206 1442 ipsi.
262 1382 376 1436 uerum,
420 1370 455 1422 ut
489 1361 570 1423 idem
611 1362 729 1442 saepius
764 1361 870 1434 dicam,
907 1369 1047 1441 exspecto

140 1460 319 1521 Mauricum.
362 1461 411 1520 uir
432 1469 479 1521 est
502 1461 612 1541 grauis,
639 1461 779 1541 prudens,
805 1460 909 1521 multis
933 1459 1047 1540 experi-

139 1559 250 1619 mentis
273 1558 417 1631 eruditus,
442 1566 473 1620 ct
495 1559 548 1637 qui
570 1558 674 1620 futura
696 1560 791 1640 possit
816 1579 853 1619 ex
876 1558 1046 1639 praeteritis

138 1655 306 1736 prouidere.
349 1656 424 1717 mihi
445 1665 477 1717 et
497 1656 667 1736 temptandi
687 1657 801 1736 aliquid
823 1665 855 1717 et
875 1654 1047 1735 quiescendi

97 1767 125 1820 15
138 1753 191 1815 illo
216 1762 337 1814 auctore
361 1754 439 1814 ratio
461 1754 620 1815 constabit.
663 1755 736 1816 haec
759 1755 816 1814 tibi
840 1755 952 1835 scripsi,
976 1754 1047 1833 quia
1060 1755 1091 1812 17

138 1871 270 1930 aequum
291 1859 356 1912 erat
377 1860 408 1912 te
429 1872 483 1932 pro
505 1872 605 1913 amore
626 1861 733 1913 mutuo
754 1873 815 1914 ncn
836 1853 933 1913 solum
947 1851 1048 1912 omnia

138 1968 207 2009 mea
221 1948 301 2009 facta
321 1949 461 2028 dictaque
481 1970 588 2011 uerum
610 1951 701 2012 etiam
722 1951 846 2012 consilia
859 1969 1045 2032 cognoscere.

139 2047 217 2108 uale.

516 2224 546 2280 s.
581 2224 613 2285 ‹1-
634 2178 670 2285 ἔ.)

97 2336 129 2384 29
250 2321 278 2374 0.
298 2321 446 2374 PLINIVS
458 2322 646 2375 'CORNELIO
664 2324 795 2376 TACITO
813 2324 880 2376 SVO
898 2325 924 2376 S.

182 2436 313 2513 Ridebis,
330 2447 361 2499 et
382 2439 452 2500 licet
471 2438 577 2500 rideas.
611 2441 733 2525 egdille
750 2462 842 2525 quem
860 2441 1076 2520 nostiaprosl

141 2543 203 2596 tres
213 2543 244 2596 et
252 2536 374 2615 quidem
385 2537 600 2616 pulcherrimos
608 2538 681 2617 cepi.
721 2523 804 2618 ipse‘i
824 2539 931 2617 inquis.
964 2511 1028 2618 spise
1038 2560 1047 2612 ;

142 2655 203 2695 non
230 2641 332 2696 tamen
360 2644 396 2695 ut
428 2637 549 2697 omnino
576 2637 614 2697 ab
647 2637 757 2697 inertia
790 2657 857 2697 mea
885 2645 917 2696 et
944 2639 1046 2716 quiete
1072 2687 1073 2690 η

141 2727 333 2789 discederem.
369 2729 409 2790 ad
427 2697 506 2790 Μ’
521 2729 678 2791 sedebam:
700 2738 765 2790 erat
784 2731 815 2790 in
835 2730 972 2809 proximo
987 2714 1046 2792 noir

98 2839 129 2892 25
142 2826 325 2886 uenabulum
339 2835 394 2887 aut
407 2827 516 2898 lancea,
533 2828 586 2888 sed
601 2829 688 2889 stilus
708 2836 739 2888 et
740 2822 937 2939 pugillares:
955 2830 1048 2890 medi-

142 2923 230 2984 tabar
260 2925 375 3004 aliquid
403 2926 629 3004 enotabamque,
660 2935 702 3000 ut,
724 2902 759 2987 τει
787 2948 894 2987 manus
927 2947 1045 3002 uacuas,

141 3088 157 3136 8
174 3085 272 3136 fortius
287 3102 375 3136 amore
394 3090 479 3137 BMva
495 3103 583 3137 amore
600 3087 696 3138 fortias
713 3094 766 3139 roa
806 3091 822 3139 9
841 3104 967 3139 concussa
983 3092 1048 3140 Uva

141 3167 246 3218 concisa
264 3171 284 3217 B
301 3169 417 3219 coucima
432 3175 451 3219 Ξ·
469 3169 578 3219 consilia
596 3172 670 3230 (corr.
693 3173 710 3220 2
728 3171 752 3221 b.
774 3173 802 3232 u)
815 3185 849 3223 cu
892 3171 920 3220 ll
944 3170 1049 3234 saepius

140 3249 229 3302 dicam
240 3254 330 3301 Brona
341 3251 426 3301 dicam
437 3253 542 3317 saepius
552 3257 600 3302 MV

175 3341 193 3383 ο
211 3336 242 3384 al
257 3349 306 3398 ego
318 3333 363 3384 ille
373 3339 421 3384 MV
431 3351 479 3400 ago
489 3336 588 3400 plinius
600 3336 645 3386 ille
656 3330 746 3388 Hora
