2250 3698
245 667 284 744 o.
313 668 452 744 mnu
481 606 933 778 olsornr'sisojsuor

311 832 585 908 EPISTVLAE
613 788 871 917 ssn'sorls
886 832 899 931 j
974 909 977 916 ,

501 1125 636 1191 LIBER
662 1124 688 1190 Ι.

517 1413 545 1471 1.
581 1413 612 1476 (1.
635 1416 669 1476 ι.)

115 1537 129 1592 ς
336 1529 365 1582 c.
385 1529 534 1580 PLINIVS
552 1528 714 1581 snerlclo
732 1528 799 1580 svo
817 1529 842 1581 s.

141 1629 359 1700 FRuQqumR
386 1630 525 1690 hortatus
556 1649 587 1689 es
616 1637 652 1688 ut
683 1629 836 1709 epistulas,
854 1650 928 1708 quas
955 1629 1074 1710 paulol

140 1727 307 1789 accuratius
350 1727 539 1807 scripsissem,
579 1727 749 1807 colligerem
791 1727 1044 1807 publicaremque.

140 1826 247 1906 collegi
275 1845 335 1886 non
363 1833 482 1884 seruato
510 1825 654 1904 temporis
682 1825 787 1884 ordine
824 1826 933 1903 (neque
965 1825 1045 1885 enim

140 1923 297 1984 historiam
322 1922 558 2003 componebam),
585 1921 638 1982 sed
663 1931 698 1983 ut
721 1940 858 2001 quaeque
879 1923 911 1981 in
938 1943 1044 1982 manus

98 2045 127 2080 ro
139 2030 273 2083 uenerat.
316 2029 451 2101 superest
466 2029 502 2080 ut
515 2041 569 2081 nec
584 2029 616 2082 te
630 2020 746 2081 consilii
761 2039 815 2079 nec
830 2039 878 2078 me
891 2020 1044 2099 paeniteat
1057 2025 1073 2080 2

139 2120 284 2199 obsequii.
326 2120 370 2179 ita
391 2119 471 2179 enim
492 2119 545 2180 fiet
566 2127 602 2179 ut
623 2139 763 2200 easquae
778 2117 876 2177 adhuc
890 2117 1044 2198 neglectae
1067 2137 1069 2142 ·

138 2219 242 2306 iacent,
251 2218 409 2297 requiram,
426 2226 458 2277 et
472 2217 497 2277 si
511 2237 585 2296 ques
605 2216 759 2289 addidero,
775 2235 836 2276 non
850 2215 1042 2295 supprimam.

138 2317 214 2378 uale.

512 2497 542 2552 2.
577 2496 609 2558 (I.
629 2497 667 2559 2.)

99 2620 125 2674 15
333 2613 362 2666 O.
382 2612 530 2665 PLINIVS
548 2612 716 2663 ARRIANO
734 2611 801 2663 SVO
819 2611 844 2662 S.

178 2715 257 2792 Quia
277 2714 440 2776 tardiorem
461 2714 627 2774 aduentum
648 2722 736 2774 tuum
757 2711 912 2792 prospicio,
933 2711 1071 2785 librum‚l

138 2834 228 2892 quem
242 2813 391 2893 prioribus
406 2812 542 2893 epistulis
556 2812 759 2892 promiseram,
771 2810 907 2871 exhibeo.
962 2811 1042 2871 hunc

138 2931 212 2992 rogo
240 2931 278 2971 ex
305 2910 521 2971 consuetudine
546 2918 600 2970 tue
624 2918 656 2969 et
678 2908 760 2990 legas
780 2917 812 2969 et
836 2906 984 2980 emendes,
1008 2928 1042 2970 eo

173 3068 188 3110 ι
208 3063 223 3112 5
238 3060 363 3112 Samiolo
374 3065 422 3111 HV
433 3059 559 3111 Sarrum
571 3073 588 3109 a
600 3059 728 3110 Sascsoo
738 3061 758 3107 B
769 3057 833 3118 (also
848 3047 883 3108 ia¹
891 3056 979 3116 index)
991 3061 1044 3107 rou

139 3145 231 3208 liques
245 3147 283 3195 BF
297 3143 320 3193 si
333 3158 399 3208 quas
413 3147 513 3194 livosa
524 3142 539 3196 7
550 3141 701 3191 accuratius
714 3143 804 3191 Broua
816 3156 880 3190 cura
892 3140 992 3198 (curam
1007 3143 1044 3204 Μ)

139 3223 316 3276 maioressvf
521 3268 524 3274 .

205 3299 224 3345 0
580 3300 600 3340 A
