2250 3698
106 245 158 306 8⁷.
176 247 221 310 (X.
232 249 274 310 30)
355 246 556 298 EPISTVLAE
573 245 763 298 snanTAn
966 245 1013 294 143

105 394 233 455 niuntur
248 393 357 472 quibus
371 392 453 454 credi
468 394 571 472 possit,
587 401 619 453 et
632 392 701 453 ideo
715 413 776 453 non
795 391 925 453 deerunt
944 389 1010 464 tibi,

105 491 195 553 modo
210 492 285 553 uelis
299 491 463 573 diligenter
477 498 626 580 excutere.
683 487 686 493 ’

421 783 472 841 86.
507 785 551 847 (Χ.
570 785 603 836 29
620 785 695 847 [38].)

241 902 270 952 G.
290 900 438 953 PLINIVS
455 901 621 952 TRAIANO
637 898 876 951 IMPERATORI.

63 1035 76 1092 5
148 1017 343 1096 Sempronius
369 1016 536 1091 Caelianus,
562 1016 701 1098 egregius
725 1016 852 1089 iuuenis,
877 1018 1041 1095 ropertcsl

106 1116 187 1176 inter
207 1116 321 1175 tirones
341 1114 417 1175 duos
438 1135 540 1175 seruos
561 1115 643 1174 misit
662 1114 701 1175 ad
720 1134 768 1175 me
778 1137 787 1189 3
807 1134 936 1192 quorum
957 1133 1013 1194 ego

108 1213 288 1294 supplicium
301 1212 415 1286 distuli,
432 1221 468 1273 ut
484 1221 516 1273 te
537 1211 724 1273 conditorem
742 1212 918 1293 disciplinae
938 1211 1014 1271 mili·

108 1312 182 1372 taris
209 1312 457 1390 firmatoremque
486 1311 672 1371 consulerem
698 1311 737 1371 de
771 1309 862 1370 modo
890 1328 1011 1388 poenae.

107 1410 171 1489 ipse
185 1410 265 1470 enim
283 1409 390 1470 dubito
411 1409 450 1470 ob
464 1409 520 1470 hoe
534 1409 673 1482 maxime,
689 1408 779 1487 quod,
800 1416 836 1468 ut
854 1408 915 1467 iam
932 1407 1043 1470 dixe2

65 1525 95 1562 10
107 1515 177 1567 rant
204 1515 397 1580 sacramento,
418 1508 462 1567 ita
489 1507 624 1568 nondum
640 1506 797 1567 distributi
818 1507 851 1566 in
873 1525 1013 1567 numeros

107 1613 202 1666 amnt.
248 1605 321 1684 quid
335 1626 407 1687 ergo
421 1605 546 1666 debeam
560 1607 644 1684 sequi
658 1626 739 1687 rogo,
752 1606 880 1679 domine,
893 1605 1011 1678 scribas,

108 1703 284 1784 praesertim
298 1724 366 1764 cum
380 1705 531 1784 pertineat
544 1704 583 1765 ad
599 1704 777 1785 exemplum.

423 1996 474 2055 87.
509 1998 552 2059 (X·
573 1999 606 2048 30
622 1998 697 2059 [39]·)

384 2113 572 2164 TRAIANVS
595 2112 727 2164 PLIN'IO.

64 2249 92 2304 15
148 2229 319 2291 Secundum
334 2230 477 2290 mandata
487 2250 554 2290 mea
565 2229 637 2290 fecit
648 2228 842 2309 Sempronius
854 2226 1012 2289 Caelianus
1024 2229 1041 2287 1

107 2328 256 2389 mittendo
271 2329 310 2388 ad
329 2337 360 2389 te
382 2349 432 2389 eos
453 2328 490 2389 de
512 2329 620 2407 quibus
642 2328 779 2410 cognosci
801 2327 953 2407 oportebit
973 2347 1012 2387 an

107 2426 233 2506 capitale
248 2427 428 2507 supplicium
441 2427 585 2487 meruisse
597 2426 766 2487 uideantur.
801 2425 896 2486 refert
909 2432 1012 2486 autem

107 2525 272 2585 uoluntarii
286 2545 317 2585 se
332 2524 498 2585 obtulerint
511 2546 551 2585 au
565 2524 635 2585 lecti
650 2525 711 2584 sint
728 2522 777 2584 uel
797 2524 888 2584 etiam
908 2523 1012 2584 uicarii

106 2623 179 2683 dati.
216 2624 243 2683 ai
258 2623 328 2684 lecti
342 2630 421 2696 sunt,
438 2623 594 2701 inquisitio
609 2623 761 2701 peccauit:
779 2621 804 2680 si
819 2621 923 2681 uicarii
936 2620 1009 2695 deti,
1024 2620 1041 2676 2

61 2743 94 2780 κο
106 2742 197 2801 penes
212 2742 261 2783 eos
276 2720 363 2801 culpe
383 2722 500 2800 estqui
519 2720 687 2782 dederunt:
709 2720 734 2780 si
753 2719 818 2798 ipsi,
835 2738 903 2778 cum
924 2717 1011 2780 habe·
1058 2749 1076 2763 -

106 2827 175 2880 rent
188 2819 370 2880 condicionis
385 2839 456 2880 suae
470 2819 691 2892 conscientiam,
707 2823 864 2890 uenerunt,
880 2815 1011 2877 animad-

107 2917 287 2979 uertendum
301 2918 333 2977 in
347 2917 414 2978 illos
429 2919 495 2978 erit.
537 2937 636 2996 neque
650 2917 729 2977 euim
743 2915 874 2976 multum
884 2915 1011 2976 interest

107 3016 188 3093 quod
202 3015 337 3077 nondum
351 3036 404 3096 per
418 3036 558 3077 numeros
572 3015 728 3076 distributi
742 3022 822 3075 sunt.
864 3014 915 3075 ille
930 3013 1010 3075 enim

140 3185 182 3228 οο
204 3179 220 3229 9
239 3178 273 3228 οὶ)
290 3179 355 3228 haec
372 3191 390 3228 a
434 3178 464 3227 10
485 3177 525 3227 ita
544 3176 661 3227 nondum
678 3182 697 3228 0
713 3176 814 3227 militar
831 3174 976 3226 inondum
992 3186 1014 3225 s.

106 3261 216 3312 militari
227 3262 267 3313 ita
275 3260 391 3310 nondum
405 3259 505 3310 Keilias

131 3348 175 3390 η
191 3345 224 3390 19
239 3342 303 3398 dati.
338 3342 416 3394 Lecti
427 3349 494 3397 sunt
505 3358 523 3398 a
535 3343 597 3398 dati
610 3345 681 3400 lecti
692 3347 721 3400 si
732 3349 804 3400 sunt
814 3341 893 3398 cote
