2250 3698
146 227 202 288 w.
220 226 340 292 (III-21)
397 227 598 280 EPISTVLAE
620 227 809 282 SELEC'I'AE.
1025 233 1056 282 el

146 376 260 438 deme
287 375 464 456 composuit.
507 375 567 436 fuit
591 375 683 436 moris
710 375 828 455 antiqui
857 378 984 457 eosqui
1008 377 1087 440 uel³

147 473 339 556 singulorum
352 473 456 534 laudes
470 472 519 535 uel
539 473 659 534 urbium
673 473 854 554 scripserant
868 482 922 535 aut
940 475 1058 537 honori-

146 573 206 633 bus
223 580 277 632 aut
296 572 423 652 pecunia
443 591 570 647 ornare;
590 571 700 632 nestris
719 591 793 632 uere
812 573 1006 653 temporibus,
1021 582 1057 635 ut

147 671 209 732 alia
230 670 362 751 speciosa
386 677 418 730 et
442 670 570 751 egregia,
586 670 630 731 ita
652 670 708 731 hoc
732 670 890 750 inprimis
914 672 1055 732 exoleuit.

120 781 220 837 snam
247 774 409 847 postquam
441 767 584 828 desiimus
619 767 716 829 iacere
752 767 911 842 laudanda,
940 768 1057 829 laudari

147 885 270 946 qnoque
283 865 421 946 ineptum
434 873 584 945 putamus.

189 963 316 1040 Quaeris
337 963 390 1042 qui
411 963 473 1023 sint
493 963 633 1025 uersiculi
654 963 763 1042 quibus
783 965 913 1046 gratiam
933 964 1087 1026 rettulit4

148 1062 337 1123 remitterem
372 1069 404 1122 te
431 1061 470 1122 ad
506 1061 605 1141 ipsum
640 1062 791 1136 uolumen,
821 1062 879 1122 nisi
911 1063 1057 1141 quosdam

148 1170 302 1222 tenerem:
318 1167 361 1233 tu,
374 1159 400 1219 si
413 1158 581 1240 placuerint
595 1159 635 1234 hi,
648 1169 763 1220 ceteros
777 1161 809 1219 in
823 1160 900 1221 libro
914 1161 1055 1239 requires.

98 1266 136 1311 '10
148 1259 326 1339 adloquitur
341 1257 468 1332 Musam,
481 1258 606 1318 mandat
619 1267 655 1318 ut
669 1257 793 1318 domum
804 1278 902 1318 meam
915 1257 1087 1337 Esquiline

149 1366 284 1440 quaerat,
300 1356 389 1417 adeat
402 1365 592 1418 reuerenter:

272 1454 326 1516 sed
339 1475 377 1516 ne
391 1463 526 1536 tempore
541 1475 602 1515 non
615 1462 670 1515 tuo
683 1455 828 1517 disertam

271 1552 371 1634 pulses
387 1552 470 1612 ebria
483 1553 604 1612 ianuam
618 1552 722 1613 uidete
733 1577 739 1614 :

272 1658 354 1711 totos
367 1650 421 1710 dat
435 1650 559 1712 tetricae
574 1650 638 1710 dies
653 1650 817 1728 Mineruae,

272 1747 346 1809 dum
360 1756 482 1810 centum
497 1748 601 1808 studet
614 1749 737 1809 auribus
751 1750 886 1810 uirorum

273 1846 329 1907 hoc
342 1846 424 1926 quod
438 1846 555 1907 saecula
568 1847 739 1927 posterique
754 1847 869 1928 possint

273 1945 396 2026 Arpinis
411 1964 531 2024 quoqne
546 1964 716 2025 comparare
731 1946 850 2006 chartis.

273 2063 352 2104 seras
367 2044 463 2104 tutior
477 2043 534 2103 ibis
548 2043 588 2104 ad
601 2042 754 2102 lucernas:

273 2142 345 2201 haec
359 2142 433 2202 hora
447 2149 568 2215 cattus,
585 2160 653 2200 cum
666 2139 741 2200 furit
755 2140 882 2221 Lyaeus,

273 2259 341 2299 cum
354 2247 462 2320 regnat
476 2260 551 2313 rosa,
566 2259 634 2299 cum
647 2238 772 2299 madent
786 2237 903 2319 capilli:

273 2343 346 2397 tunc
360 2356 407 2396 me
423 2336 471 2397 uel
486 2335 576 2418 rigidi
591 2336 694 2418 legant
709 2335 846 2398 Catones.

193 2432 343 2495 Meritone
355 2454 423 2494 eum
435 2434 488 2513 qui
501 2434 574 2494 haec
585 2433 623 2494 de
637 2454 685 2495 me
700 2434 818 2514 scripsit
829 2443 860 2495 et
871 2443 944 2496 tunc
957 2435 1058 2497 dimisi
1070 2447 1087 2505 6

151 2532 328 2593 amicissime
351 2540 382 2593 ct
405 2553 485 2593 nunc
509 2541 545 2592 ut
566 2532 778 2593 amicissimum
796 2532 973 2594 defunctum
995 2554 1057 2594 esse

151 2628 258 2691 doleoi
297 2630 383 2692 dedit
401 2631 480 2691 enim
500 2630 576 2691 mihi
596 2639 744 2709 quantum
763 2631 928 2691 maximum
947 2631 1055 2712 potuit,

106 2740 136 2795 25
150 2727 277 2789 daturus
299 2729 435 2811 amplius,
456 2729 481 2789 si
502 2727 658 2809 potuisset.
711 2729 832 2790 tametsi
850 2728 925 2807 quid
943 2727 1057 2789 homini

150 2834 251 2906 potest
270 2826 335 2887 dari
358 2827 454 2887 maius
471 2847 561 2906 quam
583 2825 680 2907 gloria
694 2834 725 2887 et
742 2825 807 2887 lans
826 2833 857 2886 et
875 2826 1059 2888 aeternitas?

150 2931 183 2985 at
194 2944 254 2985 non
266 2932 355 2987 erunt
366 2932 489 2987 aeterna
500 2944 576 3004 quae
589 2923 725 3005 scripsit:
747 2944 808 2985 non
819 2933 909 2986 erunt
919 2924 1054 3000 fortasse,

150 3023 202 3085 ille
216 3031 318 3086 tamen
333 3024 451 3104 scripsit
465 3032 611 3103 tanquam
625 3031 725 3084 essent
739 3023 850 3085 futura.
893 3024 969 3086 uale.

150 3205 183 3257 26
199 3205 284 3272 gloria
295 3210 323 3256 et
334 3205 392 3256 laus
403 3208 431 3256 et
442 3205 587 3256 aeternitas
598 3208 697 3256 Divona
707 3204 792 3274 gloria
801 3209 830 3256 at
844 3206 882 3268 (at
893 3220 941 3256 ora.
955 3207 985 3270 P)
998 3203 1056 3257 laus

150 3292 179 3339 et
189 3289 333 3339 aeternitas
344 3287 439 3338 harum
450 3291 488 3344 81¹
