2250 3698
65 215 118 277 00.
136 216 225 282 (VIII.
236 217 279 283 24)
315 217 516 272 EPISTVLAE
533 218 724 273 SELEOTAE.
924 221 971 277 117

65 366 124 428 tari
141 365 228 445 quale
245 372 453 446 quantumque
469 367 509 427 sit
528 366 667 428 ordinare
682 375 794 428 statum
809 367 971 429 liberarum

65 464 232 524 ciuitatum.
290 484 360 524 nam
388 464 461 543 quid
489 464 679 526 ordinatione
702 465 842 526 ciuiliusi
897 465 971 544 quid
1000 473 1017 530 8
1091 462 1093 467 ’

64 561 204 622 libertate
218 562 402 642 pretiosius?
441 581 531 642 porro
549 582 640 641 quam
662 569 758 642 turpe,
776 563 801 623 si
820 561 971 625 ordinatio

63 659 226 733 euersione,
242 659 365 720 libertas
378 661 525 720 senritute
535 664 687 720 mutetur!

34 771 50 826 5
104 756 232 819 Accedit
248 756 330 836 quod
351 757 407 818 tibi
428 764 579 818 certamen
599 764 645 817 est
666 764 784 818 tecum:
816 765 920 818 onerat
939 765 971 819 te

64 862 243 934 quaesturae
271 863 342 916 tuae
369 855 570 934 famaquam
592 873 631 915 ex
651 853 797 935 Bithynia
824 856 970 934 optimam

63 952 216 1025 reuexisti,
233 960 339 1013 onerat
359 953 565 1013 testimonium
585 952 737 1032 principis,
754 960 859 1013 onerat
878 953 970 1014 tribu-

63 1058 162 1122 natus,
185 1057 335 1129 praetura,
357 1057 449 1129 atque
470 1050 542 1111 haee
564 1050 630 1128 ipsa
650 1050 761 1130 legatio
782 1051 867 1128 quasi
889 1071 970 1129 prae-

63 1148 158 1208 mium
173 1148 251 1208 data.
288 1168 348 1227 quo
359 1149 454 1228 magis
469 1146 627 1208 nitendum
642 1154 696 1221 est,
709 1166 747 1207 ne
760 1148 793 1207 in
806 1147 970 1229 longinqua
999 1157 1016 1214 9

19 1268 51 1306 ιο
63 1247 220 1326 prouincia
234 1267 324 1325 quam
344 1246 523 1319 suburbana,
540 1265 578 1306 ne
596 1245 677 1305 inter
696 1245 861 1306 seruientes
879 1266 970 1325 quam

63 1345 181 1418 liberos,
204 1364 243 1405 ne
265 1353 345 1405 sorte
371 1364 461 1424 quam
485 1343 596 1404 iudicio
624 1343 738 1418 missus,
762 1364 800 1405 ne
827 1344 911 1405 rudis
939 1352 971 1405 et

64 1443 236 1524 incognitus
256 1462 348 1522 quam
369 1442 543 1522 exploratus
565 1440 778 1521 probatusque,
800 1442 968 1517 humanior,
1018 1458 1021 1463 ·

64 1541 177 1614 melior,
200 1541 326 1620 peritior
348 1541 439 1602 fuisse
463 1540 593 1601 uidearis
604 1563 612 1615 ;
641 1560 708 1601 oum
730 1540 770 1600 sit
790 1540 910 1621 alioqui,
933 1548 969 1602 ut

65 1659 152 1719 saepe
166 1638 286 1710 audisti,
303 1659 390 1719 saepe
407 1638 516 1719 legisti,
532 1637 630 1698 multo
648 1637 812 1699 deformius
829 1639 969 1700 amittere

21 1756 51 1812 15
66 1756 156 1815 quam
170 1757 231 1797 non
245 1736 370 1816 adsequi
384 1735 512 1797 laudem.

107 1834 189 1895 Haeo
210 1834 301 1895 uelim
323 1833 433 1906 credas,
455 1833 535 1913 quod
556 1833 645 1894 initio
665 1832 738 1907 dixi,
751 1833 903 1913 scripsisse
921 1854 969 1895 me
982 1839 1016 1898 10

64 1930 284 2004 admonentem,
309 1951 371 1991 non
399 1930 651 2010 praecipientem
686 1950 858 2010 quanquam
888 1951 971 2010 prae·

65 2028 226 2107 cipientem
247 2047 375 2108 quoque.
419 2028 531 2106 quippe
553 2047 614 2088 non
635 2046 741 2088 uereor
761 2027 794 2087 in
814 2047 915 2088 amore
931 2047 970 2089 ne

64 2126 189 2187 modum
204 2127 389 2187 excesserim.
433 2144 531 2204 neque
546 2125 626 2185 enim
640 2124 807 2205 periculum
821 2132 868 2185 est
881 2125 971 2186 ussit

17 2251 54 2292 ω
65 2225 192 2285 nimium
206 2223 288 2303 quod
303 2244 365 2285 esse
380 2223 545 2283 maximum
560 2222 658 2284 debet.
702 2222 778 2284 uale.
835 2264 837 2266 ψ

386 2402 415 2451 11
433 2405 504 2452 sorte
514 2414 533 2452 a
543 2401 612 2452 forte
623 2406 651 2452 11
