2250 3698
58 237 110 297 19.
128 238 175 302 (Π.
188 239 228 301 13)
303 237 504 290 EPISTVLAE
527 235 718 290 subactas.
932 237 966 290 ³5

292 438 295 443 ⁴
397 446 469 550 ὑῒ)
488 469 535 532 (Π.
558 419 610 532 13⁸.)

270 589 300 640 c.
320 587 470 639 Pnrurvs
490 585 617 639 carseo
635 580 704 639 svo
721 586 747 639 a.

98 703 139 765 Et
159 711 194 765 tu
216 704 383 765 occasiones
403 703 557 784 obligandi
577 724 626 764 me
647 703 820 766 auidissime
839 705 994 786 amplae-l

58 801 140 876 teris,
156 810 188 862 et
202 823 258 882 ego
271 801 384 862 nemini
398 800 541 862 libentius
556 801 660 862 debeo.
703 802 820 864 duabus
835 824 906 885 ergo
927 803 965 864 de
978 811 996 869 2

30 912 44 965 5
58 899 154 961 causis
168 920 186 959 a
199 907 231 959 te
245 899 435 979 potissimum
448 907 551 979 petere
565 900 708 960 constitui
725 901 807 979 quod
827 901 966 980 impetra·

57 1005 126 1058 tum
148 997 277 1058 maxime
305 996 401 1076 cupio
444 996 523 1077 regis
544 998 711 1058 exercitum
731 998 965 1078 amplissimum:

57 1092 128 1156 hinc
142 1095 198 1155 tibi
209 1095 420 1156 beneficiorum
434 1093 517 1173 larga
527 1095 661 1169 materia,
674 1095 799 1175 longum
812 1085 967 1175 praeterea

57 1202 178 1273 tempus
192 1214 252 1272 quo
263 1193 373 1253 amicos
382 1200 450 1254 tuos
460 1213 605 1254 exornare
619 1194 754 1273 potuisti
792 1202 966 1255 conuertere
979 1200 997 1258 3

56 1290 98 1354 ad
112 1299 238 1365 nostros,
254 1312 309 1352 nec
329 1291 384 1352 hos
405 1290 523 1352 multos.
568 1290 672 1352 malles
693 1299 729 1351 tu
750 1290 873 1369 quidem
894 1291 967 1352 mul·
1017 1278 1023 1295 ⁸

11 1413 45 1453 ιο
57 1398 114 1465 tos,
131 1389 184 1451 sed
205 1409 289 1450 meae
310 1389 508 1450 uerecundiae
530 1390 640 1450 sufficit
659 1410 736 1450 unus
757 1397 811 1450 aut
831 1389 917 1464 alter,
932 1410 967 1467 ac

58 1489 160 1570 potius
174 1509 260 1549 unus.

100 1585 130 1648 Is
154 1586 212 1647 erit
236 1585 389 1647 Voconius
413 1586 574 1647 Romanus.
618 1595 706 1667 pater
728 1587 755 1648 ei
777 1586 810 1646 in
835 1587 998 1666 equestri4

57 1683 156 1767 gradu
186 1684 291 1759 clarus,
327 1683 433 1744 clarior
462 1684 589 1745 uitricus
628 1685 732 1766 (immo
767 1694 853 1766 pater
881 1684 966 1758 alius,

58 1803 130 1844 nam
177 1782 247 1843 huic
302 1802 421 1862 quoque
478 1782 593 1843 nomini
641 1783 754 1864 pietate
804 1782 967 1863 successit),

11 1905 26 1965 J
30 1902 45 1956 5
58 1889 186 1942 matera
204 1880 316 1960 primis.
360 1880 424 1960 ipse
445 1879 591 1942 citerioris
613 1879 777 1962 Hispaniae
798 1881 866 1963 (scis
888 1881 969 1961 quod

59 1967 389 2060 iudicium'prouinciae
410 1974 498 2053 illius,
516 1987 629 2059 quanta
645 1981 684 2040 sit
699 1980 844 2060 grauitas)
860 1981 969 2041 flamen

59 2078 196 2159 proxime
210 2077 278 2138 fuit.
322 2076 401 2137 hunc
417 2097 480 2158 ego,
497 2098 566 2138 cum
580 2078 668 2138 simul
691 2076 888 2151 studeremus,
904 2085 999 2144 artat

60 2176 308 2255 familiariterque
342 2174 453 2235 dilexi:
488 2175 540 2235 ille
564 2195 649 2236 meus
677 2175 709 2235 in
738 2175 820 2250 urbe,
852 2175 903 2236 ille
937 2173 969 2236 in

60 2290 177 2331 secessu
198 2269 428 2342 contubernalis,
445 2289 513 2329 cum
535 2269 591 2329 hoc
614 2269 699 2343 seria,
723 2289 792 2330 eum
814 2269 870 2330 hoc
890 2270 969 2331 iocos

14 2391 48 2430 20
60 2368 173 2429 miscui.
217 2366 386 2445 quidecim
407 2366 460 2427 illo
474 2374 528 2428 aut
550 2366 669 2427 fidelius
691 2368 786 2428 amico
800 2376 855 2428 aut
868 2367 996 2429 sodaleb

59 2465 239 2527 iucundiusl
279 2465 355 2525 mira
375 2466 408 2524 in
422 2484 565 2538 sermone,
582 2465 658 2525 mira
674 2466 771 2525 etiam'
786 2466 818 2526 in
833 2486 883 2527 ore
904 2466 970 2547 ipso

60 2564 210 2643 uultuque
219 2564 360 2625 suauitas.
390 2562 429 2623 ad
443 2563 499 2624 hoc
513 2563 668 2643 ingenium
680 2562 838 2638 excelsum,
849 2563 967 2637 subtile,
982 2572 1000 2630 7

60 2662 157 2737 dulce,
181 2661 276 2736 facile,
301 2660 455 2723 eruditum
479 2661 512 2721 in
535 2660 631 2722 causis
658 2661 800 2742 agendis:
826 2660 969 2743 epistulas

59 2759 184 2840 quidem
207 2759 321 2833 scribit,
336 2767 371 2819 ut
393 2759 496 2821 Musas
517 2758 596 2839 ipsas
617 2758 725 2820 Latine
750 2759 832 2839 loqui
856 2759 967 2823 credas.

96 2936 162 2985 108
189 2937 344 2985 conuertere
361 2937 498 2984 BFMVoua
516 2938 640 2984 conuerte
658 2938 686 2984 te
704 2933 847 2986 Sicbcsrdas
886 2937 902 2986 9
921 2935 969 2986 hos
1055 2925 1057 2929 ’

60 3018 159 3068 multos
172 3015 318 3067 malros
332 3015 440 3081 quidem
451 3015 550 3066 multos
564 3020 617 3065 Fon
646 3017 676 3066 10
687 3032 718 3066 ac
732 3021 812 3067 uvea
826 3021 874 3068 aut
891 3019 965 3079 (corr.

55 3099 130 3164 from
141 3098 175 3149 sd
186 3101 216 3161 B)
227 3100 284 3148 Bru
318 3099 350 3148 12
366 3097 391 3148 ei
402 3099 450 3148 HV
461 3096 529 3164 plini
539 3100 559 3146 B
569 3097 647 3163 plinii
660 3103 731 3148 Pons
765 3100 796 3148 14
812 3097 874 3149 huic
887 3103 969 3150 mou

60 3181 140 3232 huius
151 3184 207 3232 Bra
240 3181 271 3231 15
287 3179 503 3245 matereprimis
520 3179 669 3240 (mater.1l
686 3195 779 3246 primis
796 3180 857 3232 Oct
868 3183 920 3243 sl
913 3196 977 3246 inse

61 3265 129 3330 (ipse
148 3280 197 3315 om.
211 3263 417 3327 inciteriorisl-
410 3279 447 3315 -es
465 3261 494 3329 ιι)
512 3263 676 3319 Bmoufa.
695 3270 726 3319 st
740 3265 852 3318 muns
884 3263 999 3328 lutose

55 3345 149 3394 damon
159 3345 215 3394 edd,
250 3346 286 3397 20
300 3345 348 3398 illo
358 3353 410 3401 aut
420 3349 494 3405 W
502 3357 555 3406 aut
566 3351 617 3406 illo
628 3358 750 3410 Brona.
