2250 3698
140 222 194 283 10.
212 223 259 287 (Π.
269 224 294 289 θ)
386 223 586 279 EPISTVLAE
608 223 798 279 SELEOEAE.
1014 224 1048 280 27

139 372 213 433 flere
240 381 294 433 aut
320 373 443 434 omnino
473 382 602 434 mortem
636 393 750 446 uocare,
786 393 847 452 qua
880 372 959 433 tanti
986 371 1045 432 uiri

139 470 308 532 mortalitas
332 472 428 553 magis
451 472 538 532 finita
560 492 650 551 quam
674 471 739 531 uita
761 479 815 531 est.
859 471 938 530 uiuit
964 471 1045 530 enim
1058 473 1089 530 11

139 569 284 648 uiuetque
312 589 429 650 semper
463 578 556 649 etque
591 570 682 630 etiam
716 569 807 629 latius
841 569 873 628 in
900 568 1045 629 memoria

139 667 296 728 hominum
310 676 342 728 et
356 689 492 730 sermone
513 668 691 740 uersabitur,
713 676 874 748 postquam
894 667 932 727 ab
951 666 1044 727 oculis

110 765 270 834 srccessit.
321 766 391 827 uolo
419 766 476 827 tibi
503 766 600 825 multa
627 765 686 825 alia
714 765 850 838 scribere,
879 763 933 824 sed
960 765 1090 824 totucl2

138 863 258 923 animus
291 864 324 923 in
358 863 413 924 hac
448 884 509 924 una
549 862 801 942 contemplatione
836 863 952 922 defixus
987 869 1041 922 eet.

138 960 319 1042 Verginium
340 961 448 1042 cogite,
471 961 650 1041 Verginium
670 961 768 1034 uideo,
791 959 969 1039 Verginium
982 959 1043 1018 iam

139 1059 226 1119 uanis
240 1059 427 1140 imaginibus,
450 1059 620 1119 recentibus
641 1067 751 1133 temen,
774 1058 872 1131 audio,
887 1057 1041 1135 adloquor,

138 1167 247 1231 tenec;
268 1158 316 1218 cui
337 1157 464 1218 fortasse
484 1157 601 1236 aliquos
623 1158 703 1218 ciues
724 1157 891 1217 uirtutibus
911 1163 1044 1235 pareret

94 1269 125 1308 ¹0
138 1255 284 1317 habemus
298 1264 330 1316 et
343 1255 526 1331 habebimus,
542 1257 638 1337 gloria
651 1255 810 1317 neminem.
853 1255 928 1315 ucle.

501 1454 552 1511 re.
586 1455 634 1516 (Π.
648 1415 684 1517 cf)

363 1569 392 1622 c.
413 1569 560 1621 rmmvs
577 1570 690 1623 nvnc
707 1569 774 1622 svo
792 1571 817 1623 s.

180 1687 317 1767 Longum
342 1695 388 1747 est
415 1686 506 1747 altius
530 1695 673 1766 repetere,
699 1707 753 1748 nec
777 1687 870 1749 refert
891 1709 981 1767 quem
1004 1686 1043 1747 ed
1081 1691 1096 1748 1

138 1785 263 1846 modum
277 1786 419 1847 acciderit
433 1794 468 1846 ut
487 1786 577 1847 homo
591 1787 713 1847 minime
732 1786 888 1847 familiaris
907 1807 1044 1848 cenarem

95 1908 124 1960 15
138 1884 221 1965 apud
230 1883 388 1963 quendem,
401 1891 436 1944 ut
446 1884 502 1944 sibi
512 1883 680 1958 uidebatur,
691 1883 808 1945 lautum
818 1896 849 1945 et
857 1884 1042 1965 diligentem,

139 1990 176 2042 ut
189 1982 271 2055 mihi,
284 1981 439 2042 sordidum
454 1981 542 2041 simul
557 1990 588 2042 et
599 1990 815 2062 sumptuosum.
858 2003 928 2042 nam
942 1983 999 2043 sibi
1013 1990 1045 2042 et
1082 1987 1098 2043 2

139 2081 242 2160 paucis
253 2081 352 2160 opima
363 2079 518 2158 quaedam,
532 2080 637 2140 ceteris
648 2079 721 2140 uilia
731 2091 763 2140 et
773 2081 891 2139 minuta
904 2081 1042 2159 ponebat.

140 2179 246 2238 uinum
270 2179 362 2239 etiam
386 2178 519 2258 paruulis
543 2178 710 2258 lagunculis
734 2178 766 2237 in
791 2179 849 2238 tria
872 2198 983 2258 genera
1003 2179 1045 2240 di-

140 2262 306 2356 scripserat,
327 2297 388 2337 non
407 2285 443 2337 ut
461 2285 593 2357 potestas
613 2275 752 2358 eligendi,
773 2276 826 2336 sed
845 2296 882 2336 ne
901 2277 947 2337 ius
967 2286 1045 2338 essct

95 2397 127 2433 20
140 2374 305 2446 recusandi,
323 2374 405 2434 aliud
420 2375 477 2435 sibi
495 2383 526 2435 et
550 2376 644 2448 nobie,
662 2374 744 2435 aliud
764 2375 929 2435 minoribus
943 2377 1045 2436 amicis

141 2475 225 2551 (nam
248 2473 398 2554 gradatim
422 2474 533 2534 amicos
554 2473 666 2547 habet),
689 2473 772 2533 aliud
794 2475 855 2534 suis
875 2475 1045 2553 nostrisque

140 2570 265 2631 libertirr.
308 2571 523 2631 animaduertit
534 2572 586 2649 qui
599 2572 674 2631 mihi
684 2573 839 2651 proximus
853 2572 1045 2633 recumbebat
1082 2578 1100 2635 3

141 2676 172 2728 et
199 2689 238 2728 an
265 2668 422 2748 probarem
453 2669 660 2750 interrogauit.
710 2672 830 2752 negaui,
880 2679 931 2731 ‘tu
959 2670 1046 2752 ergo'

140 2766 241 2845 inquit
278 2774 384 2846 ‘quam
420 2768 665 2829 consuetudinem
704 2769 870 2849 sequerisl'
926 2770 1046 2832 ‘eedem

94 2883 126 2937 25
141 2866 280 2926 omnibus
294 2886 390 2946 peno:
412 2866 451 2926 ad
470 2887 574 2927 cenem
588 2868 675 2941 enim,
692 2889 752 2929 non
771 2868 810 2928 ad
827 2878 930 2930 notam
948 2870 1046 2931 inuito

141 3000 158 3048 5
180 2998 240 3047 uolo
258 3002 348 3048 Bl’oua
365 2998 438 3048 uolui
456 2998 524 3049 uvf
560 2999 575 3052 7
598 3001 685 3066 cogito
703 3000 857 3066 Verginium
875 3019 922 3053 om.
945 3008 1009 3057 MV*
1031 3007 1046 3054 8

142 3080 292 3130 recentibus
301 3095 347 3129 cm.
361 3085 399 3129 BF
425 3079 554 3144 9cliquoe
566 3081 637 3132 ciues
647 3087 720 3132 Brou
731 3084 801 3133 ciues
814 3084 915 3148 aliquos
926 3089 991 3135 Uva
1018 3088 1049 3145 (B

142 3160 217 3211 omitt
222 3162 297 3225 from
309 3162 326 3211 I
326 3161 353 3211 I.v
362 3165 386 3221 4.
401 3165 418 3211 2
428 3163 577 3212 exstiterim
588 3170 613 3214 tc
624 3164 659 3213 II
659 3200 664 3213 .
680 3167 718 3214 12.
732 3164 1026 3231 3mcnstrcndumquel

134 3250 216 3370 mu
235 3244 265 3297 17
279 3244 366 3308 opima
376 3248 445 3294 roua
456 3243 558 3311 optime
568 3249 618 3299 MV
650 3247 686 3300 24
698 3248 821 3318 sequeris
830 3248 965 3318 renuendi
974 3248 1076 3300 eudem
