<?xml version="1.0" encoding="UTF-8"?>
<!DOCTYPE html PUBLIC "-//W3C//DTD XHTML 1.0 Transitional//EN"
    "http://www.w3.org/TR/xhtml1/DTD/xhtml1-transitional.dtd">
<html xmlns="http://www.w3.org/1999/xhtml" xml:lang="en" lang="en">
 <head>
  <title>
</title>
<meta http-equiv="Content-Type" content="text/html;charset=utf-8" />
  <meta name='ocr-system' content='tesseract 3.04.00' />
  <meta name='ocr-capabilities' content='ocr_page ocr_carea ocr_par ocr_line ocrx_word'/>
</head>
<body>
  <div class='ocr_page' id='page_1' title='image "./selectedletters02merrgoog_0092.png"; bbox 0 0 2250 3698; ppageno 0'>
   <div class='ocr_carea' id='block_1_1' title="bbox 136 213 1047 279">
    <p class='ocr_par' dir='ltr' id='par_1_1' title="bbox 136 213 1047 279">
     <span class='ocr_line' id='line_1_1' title="bbox 136 213 1047 279; baseline -0.008 -6"><span class='ocrx_word' id='word_1_1' title='bbox 136 216 195 274; x_wconf 46' lang='lat'><strong>¹1⁷.</strong></span> <span class='ocrx_word' id='word_1_2' title='bbox 214 215 261 279; x_wconf 84' lang='lat'><strong>(11.</strong></span> <span class='ocrx_word' id='word_1_3' title='bbox 273 218 314 278; x_wconf 92' lang='grc'><strong>11)</strong></span> <span class='ocrx_word' id='word_1_4' title='bbox 388 213 589 267; x_wconf 77' lang='lat' dir='ltr'>EPISTVLAE</span> <span class='ocrx_word' id='word_1_5' title='bbox 611 213 802 266; x_wconf 72' lang='lat' dir='ltr'><strong>SELEOTAE.</strong></span> <span class='ocrx_word' id='word_1_6' title='bbox 1016 215 1047 266; x_wconf 87' lang='grc'><strong>31</strong></span> 
     </span>
    </p>
   </div>
   <div class='ocr_carea' id='block_1_2' title="bbox 91 369 1103 3069">
    <p class='ocr_par' dir='ltr' id='par_1_2' title="bbox 91 369 1103 3069">
     <span class='ocr_line' id='line_1_2' title="bbox 140 369 1094 442; baseline 0.003 -19"><span class='ocrx_word' id='word_1_7' title='bbox 140 370 293 424; x_wconf 86' lang='lat' dir='ltr'><strong>neutrum.</strong></span> <span class='ocrx_word' id='word_1_8' title='bbox 349 369 415 423; x_wconf 88' lang='lat' dir='ltr'><strong>erat</strong></span> <span class='ocrx_word' id='word_1_9' title='bbox 442 381 515 442; x_wconf 85' lang='lat' dir='ltr'><strong>ergo</strong></span> <span class='ocrx_word' id='word_1_10' title='bbox 550 381 696 441; x_wconf 79' lang='lat' dir='ltr'><strong>perquam</strong></span> <span class='ocrx_word' id='word_1_11' title='bbox 723 380 881 422; x_wconf 86' lang='lat' dir='ltr'><strong>onerosum</strong></span> <span class='ocrx_word' id='word_1_12' title='bbox 908 369 1094 428; x_wconf 71' lang='lat' dir='ltr'><strong>accusarem</strong></span> 
     </span>
     <span class='ocr_line' id='line_1_3' title="bbox 140 459 1049 538; baseline 0.001 -17"><span class='ocrx_word' id='word_1_13' title='bbox 140 461 326 534; x_wconf 88' lang='lat' dir='ltr'><strong>damnatum,</strong></span> <span class='ocrx_word' id='word_1_14' title='bbox 347 480 437 538; x_wconf 86' lang='lat' dir='ltr'><strong>quem</strong></span> <span class='ocrx_word' id='word_1_15' title='bbox 456 467 493 519; x_wconf 89' lang='lat' dir='ltr'><strong>ut</strong></span> <span class='ocrx_word' id='word_1_16' title='bbox 510 459 667 538; x_wconf 90' lang='lat' dir='ltr'><strong>premebat</strong></span> <span class='ocrx_word' id='word_1_17' title='bbox 687 459 828 521; x_wconf 77' lang='lat' dir='ltr'><strong>atrocitas</strong></span> <span class='ocrx_word' id='word_1_18' title='bbox 848 459 988 534; x_wconf 84' lang='lat' dir='ltr'><strong>criminis,</strong></span> <span class='ocrx_word' id='word_1_19' title='bbox 1004 460 1049 523; x_wconf 80' lang='lat' dir='ltr'><strong>ite</strong></span> 
     </span>
     <span class='ocr_line' id='line_1_4' title="bbox 140 557 924 638; baseline -0.001 -19"><span class='ocrx_word' id='word_1_20' title='bbox 140 559 227 638; x_wconf 86' lang='lat' dir='ltr'><strong>quasi</strong></span> <span class='ocrx_word' id='word_1_21' title='bbox 240 565 377 638; x_wconf 86' lang='lat' dir='ltr'><strong>peractae</strong></span> <span class='ocrx_word' id='word_1_22' title='bbox 392 557 593 618; x_wconf 76' lang='lat' dir='ltr'><strong>damnationis</strong></span> <span class='ocrx_word' id='word_1_23' title='bbox 607 557 759 618; x_wconf 78' lang='lat' dir='ltr'><strong>miseratio</strong></span> <span class='ocrx_word' id='word_1_24' title='bbox 773 557 924 618; x_wconf 85' lang='lat' dir='ltr'><strong>tuebatur.</strong></span> 
     </span>
     <span class='ocr_line' id='line_1_5' title="bbox 182 655 1094 736; baseline 0.005 -19"><span class='ocrx_word' id='word_1_25' title='bbox 182 656 353 736; x_wconf 72' lang='lat' dir='ltr'>Vtcumque</span> <span class='ocrx_word' id='word_1_26' title='bbox 372 664 474 717; x_wconf 86' lang='lat' dir='ltr'><strong>tamen</strong></span> <span class='ocrx_word' id='word_1_27' title='bbox 490 656 625 716; x_wconf 88' lang='lat' dir='ltr'><strong>animum</strong></span> <span class='ocrx_word' id='word_1_28' title='bbox 644 656 917 736; x_wconf 77' lang='lat' dir='ltr'><strong>cogitationemque</strong></span> <span class='ocrx_word' id='word_1_29' title='bbox 929 655 1045 736; x_wconf 75' lang='lat' dir='ltr'><strong>collegi,</strong></span> <span class='ocrx_word' id='word_1_30' title='bbox 1060 665 1094 722; x_wconf 83' lang='lat'><strong>14</strong></span> 
     </span>
     <span class='ocr_line' id='line_1_6' title="bbox 112 752 1048 834; baseline -0.001 -18"><span class='ocrx_word' id='word_1_31' title='bbox 112 755 226 834; x_wconf 78' lang='lat' dir='ltr'><strong>scoepi</strong></span> <span class='ocrx_word' id='word_1_32' title='bbox 249 753 347 815; x_wconf 88' lang='lat' dir='ltr'><strong>dicere</strong></span> <span class='ocrx_word' id='word_1_33' title='bbox 371 773 432 814; x_wconf 91' lang='lat' dir='ltr'><strong>non</strong></span> <span class='ocrx_word' id='word_1_34' title='bbox 454 753 569 814; x_wconf 91' lang='lat' dir='ltr'><strong>minore</strong></span> <span class='ocrx_word' id='word_1_35' title='bbox 593 752 783 814; x_wconf 86' lang='lat' dir='ltr'><strong>audientium</strong></span> <span class='ocrx_word' id='word_1_36' title='bbox 804 754 933 815; x_wconf 85' lang='lat' dir='ltr'><strong>adsensu</strong></span> <span class='ocrx_word' id='word_1_37' title='bbox 956 775 1048 832; x_wconf 88' lang='lat' dir='ltr'><strong>quam</strong></span> 
     </span>
     <span class='ocr_line' id='line_1_7' title="bbox 141 852 1048 932; baseline -0.002 -18"><span class='ocrx_word' id='word_1_38' title='bbox 141 852 343 914; x_wconf 84' lang='lat' dir='ltr'><strong>sollicitudine</strong></span> <span class='ocrx_word' id='word_1_39' title='bbox 366 872 441 913; x_wconf 90' lang='lat' dir='ltr'><strong>mea.</strong></span> <span class='ocrx_word' id='word_1_40' title='bbox 484 852 549 912; x_wconf 89' lang='lat' dir='ltr'><strong>dixi</strong></span> <span class='ocrx_word' id='word_1_41' title='bbox 573 852 655 912; x_wconf 85' lang='lat' dir='ltr'><strong>horis</strong></span> <span class='ocrx_word' id='word_1_42' title='bbox 679 873 774 932; x_wconf 85' lang='lat' dir='ltr'><strong>paene</strong></span> <span class='ocrx_word' id='word_1_43' title='bbox 794 853 945 931; x_wconf 90' lang='lat' dir='ltr'><strong>quinque:</strong></span> <span class='ocrx_word' id='word_1_44' title='bbox 977 873 1048 914; x_wconf 85' lang='lat' dir='ltr'><strong>nam</strong></span> 
     </span>
     <span class='ocr_line' id='line_1_8' title="bbox 139 949 1049 1031; baseline -0.001 -19"><span class='ocrx_word' id='word_1_45' title='bbox 139 951 299 1012; x_wconf 89' lang='lat' dir='ltr'><strong>duodecim</strong></span> <span class='ocrx_word' id='word_1_46' title='bbox 308 949 551 1029; x_wconf 81' lang='lat' dir='ltr'><strong>clepsydrisquas</strong></span> <span class='ocrx_word' id='word_1_47' title='bbox 559 950 788 1029; x_wconf 74' lang='lat' dir='ltr'><strong>qutiosissimas</strong></span> <span class='ocrx_word' id='word_1_48' title='bbox 796 971 967 1031; x_wconf 87' lang='lat' dir='ltr'><strong>acceperam</strong></span> <span class='ocrx_word' id='word_1_49' title='bbox 976 959 1049 1011; x_wconf 87' lang='lat' dir='ltr'><strong>sunt</strong></span> 
     </span>
     <span class='ocr_line' id='line_1_9' title="bbox 139 1047 1048 1127; baseline 0 -18"><span class='ocrx_word' id='word_1_50' title='bbox 139 1047 263 1109; x_wconf 88' lang='lat' dir='ltr'><strong>additae</strong></span> <span class='ocrx_word' id='word_1_51' title='bbox 277 1055 430 1127; x_wconf 89' lang='lat' dir='ltr'><strong>quattuor.</strong></span> <span class='ocrx_word' id='word_1_52' title='bbox 470 1047 546 1108; x_wconf 86' lang='lat' dir='ltr'><strong>adeo</strong></span> <span class='ocrx_word' id='word_1_53' title='bbox 560 1047 612 1107; x_wconf 91' lang='lat' dir='ltr'><strong>illa</strong></span> <span class='ocrx_word' id='word_1_54' title='bbox 625 1048 690 1127; x_wconf 85' lang='lat' dir='ltr'><strong>ipsa</strong></span> <span class='ocrx_word' id='word_1_55' title='bbox 704 1069 781 1126; x_wconf 84' lang='lat' dir='ltr'><strong>quae</strong></span> <span class='ocrx_word' id='word_1_56' title='bbox 792 1047 868 1109; x_wconf 89' lang='lat' dir='ltr'><strong>dura</strong></span> <span class='ocrx_word' id='word_1_57' title='bbox 879 1057 911 1109; x_wconf 89' lang='lat' dir='ltr'><strong>et</strong></span> <span class='ocrx_word' id='word_1_58' title='bbox 920 1048 1048 1109; x_wconf 84' lang='lat' dir='ltr'><strong>aduersa</strong></span> 
     </span>
     <span class='ocr_line' id='line_1_10' title="bbox 139 1144 1093 1209; baseline 0.002 -3"><span class='ocrx_word' id='word_1_59' title='bbox 139 1145 260 1206; x_wconf 89' lang='lat' dir='ltr'><strong>dicturo</strong></span> <span class='ocrx_word' id='word_1_60' title='bbox 281 1145 463 1206; x_wconf 89' lang='lat' dir='ltr'><strong>uidebantur</strong></span> <span class='ocrx_word' id='word_1_61' title='bbox 483 1145 613 1206; x_wconf 85' lang='lat' dir='ltr'><strong>secunda</strong></span> <span class='ocrx_word' id='word_1_62' title='bbox 631 1144 745 1206; x_wconf 89' lang='lat' dir='ltr'><strong>dicenti</strong></span> <span class='ocrx_word' id='word_1_63' title='bbox 763 1145 895 1206; x_wconf 79' lang='lat' dir='ltr'><strong>luerunt.</strong></span> <span class='ocrx_word' id='word_1_64' title='bbox 938 1144 1048 1207; x_wconf 81' lang='lat' dir='ltr'><strong>Caesar</strong></span> <span class='ocrx_word' id='word_1_65' title='bbox 1060 1152 1093 1209; x_wconf 85' lang='lat'><strong>15</strong></span> 
     </span>
     <span class='ocr_line' id='line_1_11' title="bbox 94 1242 1103 1324; baseline -0.001 -20"><span class='ocrx_word' id='word_1_66' title='bbox 94 1243 264 1324; x_wconf 79' lang='lat' dir='ltr'><strong>mquidem</strong></span> <span class='ocrx_word' id='word_1_67' title='bbox 288 1251 409 1304; x_wconf 86' lang='lat' dir='ltr'><strong>tantum</strong></span> <span class='ocrx_word' id='word_1_68' title='bbox 432 1242 507 1302; x_wconf 91' lang='lat' dir='ltr'><strong>mihi</strong></span> <span class='ocrx_word' id='word_1_69' title='bbox 529 1242 672 1316; x_wconf 84' lang='lat' dir='ltr'><strong>studium,</strong></span> <span class='ocrx_word' id='word_1_70' title='bbox 692 1251 810 1302; x_wconf 87' lang='lat' dir='ltr'><strong>tantam</strong></span> <span class='ocrx_word' id='word_1_71' title='bbox 830 1243 922 1303; x_wconf 90' lang='lat' dir='ltr'><strong>etiam</strong></span> <span class='ocrx_word' id='word_1_72' title='bbox 946 1263 1048 1304; x_wconf 88' lang='lat' dir='ltr'><strong>curam</strong></span> <span class='ocrx_word' id='word_1_73' title='bbox 1098 1282 1103 1294; x_wconf 84' lang='lat'><strong>.</strong></span> 
     </span>
     <span class='ocr_line' id='line_1_12' title="bbox 140 1339 1049 1423; baseline -0.002 -20"><span class='ocrx_word' id='word_1_74' title='bbox 140 1342 282 1423; x_wconf 88' lang='lat' dir='ltr'><strong>(nimium</strong></span> <span class='ocrx_word' id='word_1_75' title='bbox 302 1349 349 1401; x_wconf 89' lang='lat' dir='ltr'><strong>est</strong></span> <span class='ocrx_word' id='word_1_76' title='bbox 363 1341 443 1402; x_wconf 89' lang='lat' dir='ltr'><strong>enim</strong></span> <span class='ocrx_word' id='word_1_77' title='bbox 457 1339 556 1402; x_wconf 88' lang='lat' dir='ltr'><strong>dicere</strong></span> <span class='ocrx_word' id='word_1_78' title='bbox 576 1340 822 1419; x_wconf 86' lang='lat' dir='ltr'><strong>sollicitudinem)</strong></span> <span class='ocrx_word' id='word_1_79' title='bbox 837 1341 997 1420; x_wconf 88' lang='lat' dir='ltr'><strong>praestitit,</strong></span> <span class='ocrx_word' id='word_1_80' title='bbox 1013 1349 1049 1401; x_wconf 91' lang='lat' dir='ltr'><strong>ut</strong></span> 
     </span>
     <span class='ocr_line' id='line_1_13' title="bbox 139 1439 1049 1519; baseline -0.003 -17"><span class='ocrx_word' id='word_1_81' title='bbox 139 1441 284 1502; x_wconf 89' lang='lat' dir='ltr'><strong>libertum</strong></span> <span class='ocrx_word' id='word_1_82' title='bbox 304 1459 405 1499; x_wconf 89' lang='lat' dir='ltr'><strong>meum</strong></span> <span class='ocrx_word' id='word_1_83' title='bbox 425 1448 493 1518; x_wconf 85' lang='lat' dir='ltr'><strong>post</strong></span> <span class='ocrx_word' id='word_1_84' title='bbox 513 1459 562 1499; x_wconf 88' lang='lat' dir='ltr'><strong>me</strong></span> <span class='ocrx_word' id='word_1_85' title='bbox 582 1447 714 1499; x_wconf 87' lang='lat' dir='ltr'><strong>stantem</strong></span> <span class='ocrx_word' id='word_1_86' title='bbox 735 1439 853 1519; x_wconf 85' lang='lat' dir='ltr'><strong>saepius</strong></span> <span class='ocrx_word' id='word_1_87' title='bbox 872 1439 1049 1500; x_wconf 86' lang='lat' dir='ltr'><strong>admoneret</strong></span> 
     </span>
     <span class='ocr_line' id='line_1_14' title="bbox 139 1536 1047 1616; baseline 0 -17"><span class='ocrx_word' id='word_1_88' title='bbox 139 1539 209 1599; x_wconf 91' lang='lat' dir='ltr'><strong>uoci</strong></span> <span class='ocrx_word' id='word_1_89' title='bbox 244 1536 390 1616; x_wconf 89' lang='lat' dir='ltr'><strong>laterique</strong></span> <span class='ocrx_word' id='word_1_90' title='bbox 427 1537 620 1610; x_wconf 79' lang='lat' dir='ltr'><strong>consulerem,</strong></span> <span class='ocrx_word' id='word_1_91' title='bbox 653 1557 721 1597; x_wconf 92' lang='lat' dir='ltr'><strong>cum</strong></span> <span class='ocrx_word' id='word_1_92' title='bbox 755 1557 803 1596; x_wconf 93' lang='lat' dir='ltr'><strong>me</strong></span> <span class='ocrx_word' id='word_1_93' title='bbox 838 1537 1047 1599; x_wconf 87' lang='lat' dir='ltr'><strong>uehementius</strong></span> 
     </span>
     <span class='ocr_line' id='line_1_15' title="bbox 138 1634 1044 1717; baseline -0.004 -19"><span class='ocrx_word' id='word_1_94' title='bbox 138 1644 264 1717; x_wconf 86' lang='lat' dir='ltr'><strong>putaret</strong></span> <span class='ocrx_word' id='word_1_95' title='bbox 283 1634 401 1695; x_wconf 91' lang='lat' dir='ltr'><strong>intendi</strong></span> <span class='ocrx_word' id='word_1_96' title='bbox 422 1655 513 1712; x_wconf 88' lang='lat' dir='ltr'><strong>quam</strong></span> <span class='ocrx_word' id='word_1_97' title='bbox 536 1634 687 1715; x_wconf 85' lang='lat' dir='ltr'><strong>gracilitas</strong></span> <span class='ocrx_word' id='word_1_98' title='bbox 711 1655 778 1696; x_wconf 89' lang='lat' dir='ltr'><strong>mea</strong></span> <span class='ocrx_word' id='word_1_99' title='bbox 801 1636 918 1716; x_wconf 84' lang='lat' dir='ltr'><strong>perpeti</strong></span> <span class='ocrx_word' id='word_1_100' title='bbox 936 1644 1044 1715; x_wconf 88' lang='lat' dir='ltr'><strong>posset.</strong></span> 
     </span>
     <span class='ocr_line' id='line_1_16' title="bbox 95 1731 1045 1812; baseline 0.004 -23"><span class='ocrx_word' id='word_1_101' title='bbox 95 1747 127 1803; x_wconf 79' lang='lat'><strong>15</strong></span> <span class='ocrx_word' id='word_1_102' title='bbox 139 1731 296 1812; x_wconf 86' lang='lat' dir='ltr'><strong>respondit</strong></span> <span class='ocrx_word' id='word_1_103' title='bbox 319 1733 394 1792; x_wconf 89' lang='lat' dir='ltr'><strong>mihi</strong></span> <span class='ocrx_word' id='word_1_104' title='bbox 418 1753 472 1812; x_wconf 92' lang='lat' dir='ltr'><strong>pro</strong></span> <span class='ocrx_word' id='word_1_105' title='bbox 497 1732 651 1793; x_wconf 87' lang='lat' dir='ltr'><strong>Marciano</strong></span> <span class='ocrx_word' id='word_1_106' title='bbox 676 1731 819 1794; x_wconf 79' lang='lat' dir='ltr'><strong>Claudius</strong></span> <span class='ocrx_word' id='word_1_107' title='bbox 844 1732 1045 1795; x_wconf 88' lang='lat' dir='ltr'><strong>Marcellinus.</strong></span> 
     </span>
     <span class='ocr_line' id='line_1_17' title="bbox 139 1820 1093 1910; baseline 0.004 -18"><span class='ocrx_word' id='word_1_108' title='bbox 139 1820 259 1892; x_wconf 82' lang='lat' dir='ltr'><strong>missus</strong></span> <span class='ocrx_word' id='word_1_109' title='bbox 277 1830 386 1892; x_wconf 90' lang='lat' dir='ltr'><strong>deinde</strong></span> <span class='ocrx_word' id='word_1_110' title='bbox 417 1839 540 1891; x_wconf 85' lang='lat' dir='ltr'><strong>senatus</strong></span> <span class='ocrx_word' id='word_1_111' title='bbox 568 1838 600 1891; x_wconf 89' lang='lat' dir='ltr'><strong>et</strong></span> <span class='ocrx_word' id='word_1_112' title='bbox 626 1838 784 1891; x_wconf 87' lang='lat' dir='ltr'><strong>reuocatus</strong></span> <span class='ocrx_word' id='word_1_113' title='bbox 812 1831 843 1890; x_wconf 91' lang='lat' dir='ltr'><strong>in</strong></span> <span class='ocrx_word' id='word_1_114' title='bbox 874 1839 1045 1910; x_wconf 85' lang='lat' dir='ltr'><strong>posterum:</strong></span> <span class='ocrx_word' id='word_1_115' title='bbox 1060 1838 1093 1896; x_wconf 79' lang='lat'><strong>16</strong></span> 
     </span>
     <span class='ocr_line' id='line_1_18' title="bbox 139 1927 1046 2008; baseline 0 -20"><span class='ocrx_word' id='word_1_116' title='bbox 139 1929 333 2008; x_wconf 89' lang='lat' dir='ltr'><strong>nequeenim</strong></span> <span class='ocrx_word' id='word_1_117' title='bbox 352 1928 412 1988; x_wconf 87' lang='lat' dir='ltr'><strong>iam</strong></span> <span class='ocrx_word' id='word_1_118' title='bbox 430 1927 564 1989; x_wconf 88' lang='lat' dir='ltr'><strong>incohari</strong></span> <span class='ocrx_word' id='word_1_119' title='bbox 578 1935 698 2008; x_wconf 87' lang='lat' dir='ltr'><strong>poterat</strong></span> <span class='ocrx_word' id='word_1_120' title='bbox 717 1929 803 2002; x_wconf 83' lang='lat' dir='ltr'><strong>actin,</strong></span> <span class='ocrx_word' id='word_1_121' title='bbox 820 1929 877 1988; x_wconf 92' lang='lat' dir='ltr'><strong>nisi</strong></span> <span class='ocrx_word' id='word_1_122' title='bbox 897 1936 932 1988; x_wconf 92' lang='lat' dir='ltr'><strong>ut</strong></span> <span class='ocrx_word' id='word_1_123' title='bbox 950 1929 1046 1989; x_wconf 88' lang='lat' dir='ltr'><strong>noctis</strong></span> 
     </span>
     <span class='ocr_line' id='line_1_19' title="bbox 139 2026 551 2088; baseline -0.005 0"><span class='ocrx_word' id='word_1_124' title='bbox 139 2028 317 2088; x_wconf 90' lang='lat' dir='ltr'><strong>interuentu</strong></span> <span class='ocrx_word' id='word_1_125' title='bbox 331 2026 526 2087; x_wconf 87' lang='lat' dir='ltr'><strong>scinderetur.</strong></span> <span class='ocrx_word' id='word_1_126' title='bbox 547 2032 551 2039; x_wconf 90' lang='lat'>&#39;</span> 
     </span>
     <span class='ocr_line' id='line_1_20' title="bbox 180 2123 1092 2204; baseline 0 -19"><span class='ocrx_word' id='word_1_127' title='bbox 180 2125 306 2185; x_wconf 89' lang='lat' dir='ltr'><strong>Postero</strong></span> <span class='ocrx_word' id='word_1_128' title='bbox 326 2124 375 2184; x_wconf 92' lang='lat' dir='ltr'><strong>die</strong></span> <span class='ocrx_word' id='word_1_129' title='bbox 396 2123 475 2184; x_wconf 85' lang='lat' dir='ltr'><strong>dixit</strong></span> <span class='ocrx_word' id='word_1_130' title='bbox 495 2144 550 2204; x_wconf 89' lang='lat' dir='ltr'><strong>pro</strong></span> <span class='ocrx_word' id='word_1_131' title='bbox 571 2124 669 2184; x_wconf 91' lang='lat' dir='ltr'><strong>Mario</strong></span> <span class='ocrx_word' id='word_1_132' title='bbox 690 2123 810 2184; x_wconf 83' lang='lat' dir='ltr'><strong>Saluius</strong></span> <span class='ocrx_word' id='word_1_133' title='bbox 830 2123 983 2198; x_wconf 88' lang='lat' dir='ltr'><strong>Liberalis,</strong></span> <span class='ocrx_word' id='word_1_134' title='bbox 999 2125 1047 2185; x_wconf 89' lang='lat' dir='ltr'><strong>uir</strong></span> <span class='ocrx_word' id='word_1_135' title='bbox 1059 2134 1092 2192; x_wconf 82' lang='grc'><strong>17</strong></span> 
     </span>
     <span class='ocr_line' id='line_1_21' title="bbox 93 2222 1047 2303; baseline -0.002 -17"><span class='ocrx_word' id='word_1_136' title='bbox 93 2223 266 2299; x_wconf 80' lang='lat' dir='ltr'><strong>aosubtilis,</strong></span> <span class='ocrx_word' id='word_1_137' title='bbox 283 2223 453 2303; x_wconf 85' lang='lat' dir='ltr'><strong>dispositus,</strong></span> <span class='ocrx_word' id='word_1_138' title='bbox 471 2243 545 2297; x_wconf 89' lang='lat' dir='ltr'><strong>acer,</strong></span> <span class='ocrx_word' id='word_1_139' title='bbox 567 2223 698 2284; x_wconf 85' lang='lat' dir='ltr'><strong>disertus</strong></span> <span class='ocrx_word' id='word_1_140' title='bbox 708 2246 716 2297; x_wconf 87' lang='lat'>;</span> <span class='ocrx_word' id='word_1_141' title='bbox 740 2223 772 2282; x_wconf 91' lang='lat' dir='ltr'><strong>in</strong></span> <span class='ocrx_word' id='word_1_142' title='bbox 793 2222 845 2282; x_wconf 91' lang='lat' dir='ltr'><strong>illa</strong></span> <span class='ocrx_word' id='word_1_143' title='bbox 865 2243 938 2284; x_wconf 91' lang='lat' dir='ltr'><strong>uero</strong></span> <span class='ocrx_word' id='word_1_144' title='bbox 959 2243 1047 2284; x_wconf 87' lang='lat' dir='ltr'><strong>causa</strong></span> 
     </span>
     <span class='ocr_line' id='line_1_22' title="bbox 139 2319 1047 2400; baseline 0.001 -19"><span class='ocrx_word' id='word_1_145' title='bbox 139 2342 243 2382; x_wconf 89' lang='lat' dir='ltr'><strong>omnes</strong></span> <span class='ocrx_word' id='word_1_146' title='bbox 280 2330 360 2382; x_wconf 85' lang='lat' dir='ltr'><strong>artes</strong></span> <span class='ocrx_word' id='word_1_147' title='bbox 398 2341 466 2381; x_wconf 83' lang='lat' dir='ltr'><strong>suas</strong></span> <span class='ocrx_word' id='word_1_148' title='bbox 504 2321 639 2400; x_wconf 89' lang='lat' dir='ltr'><strong>protulit.</strong></span> <span class='ocrx_word' id='word_1_149' title='bbox 696 2319 851 2400; x_wconf 85' lang='lat' dir='ltr'><strong>respoudit</strong></span> <span class='ocrx_word' id='word_1_150' title='bbox 890 2319 1047 2383; x_wconf 80' lang='lat' dir='ltr'><strong>Cornelius</strong></span> 
     </span>
     <span class='ocr_line' id='line_1_23' title="bbox 139 2418 1046 2498; baseline 0 -18"><span class='ocrx_word' id='word_1_151' title='bbox 139 2420 262 2480; x_wconf 83' lang='lat' dir='ltr'><strong>Tacitus</strong></span> <span class='ocrx_word' id='word_1_152' title='bbox 277 2419 519 2498; x_wconf 85' lang='lat' dir='ltr'><strong>eloquentissime</strong></span> <span class='ocrx_word' id='word_1_153' title='bbox 534 2426 572 2492; x_wconf 89' lang='lat' dir='ltr'><strong>et,</strong></span> <span class='ocrx_word' id='word_1_154' title='bbox 586 2418 667 2497; x_wconf 89' lang='lat' dir='ltr'><strong>quod</strong></span> <span class='ocrx_word' id='word_1_155' title='bbox 682 2418 825 2479; x_wconf 87' lang='lat' dir='ltr'><strong>eximium</strong></span> <span class='ocrx_word' id='word_1_156' title='bbox 839 2419 968 2480; x_wconf 88' lang='lat' dir='ltr'><strong>orationi</strong></span> <span class='ocrx_word' id='word_1_157' title='bbox 983 2419 1046 2480; x_wconf 89' lang='lat' dir='ltr'><strong>eius</strong></span> 
     </span>
     <span class='ocr_line' id='line_1_24' title="bbox 139 2515 1093 2595; baseline 0.005 -18"><span class='ocrx_word' id='word_1_158' title='bbox 139 2519 226 2591; x_wconf 88' lang='lat' dir='ltr'><strong>inest,</strong></span> <span class='ocrx_word' id='word_1_159' title='bbox 251 2516 367 2594; x_wconf 80' lang='grc' dir='ltr'>σεμνῶς.</span> <span class='ocrx_word' id='word_1_160' title='bbox 411 2515 490 2576; x_wconf 86' lang='lat' dir='ltr'><strong>dixit</strong></span> <span class='ocrx_word' id='word_1_161' title='bbox 504 2536 559 2595; x_wconf 92' lang='lat' dir='ltr'><strong>pro</strong></span> <span class='ocrx_word' id='word_1_162' title='bbox 573 2516 671 2576; x_wconf 87' lang='lat' dir='ltr'><strong>Mario</strong></span> <span class='ocrx_word' id='word_1_163' title='bbox 685 2536 788 2576; x_wconf 84' lang='lat' dir='ltr'><strong>rursus</strong></span> <span class='ocrx_word' id='word_1_164' title='bbox 806 2515 921 2577; x_wconf 86' lang='lat' dir='ltr'><strong>Fronto</strong></span> <span class='ocrx_word' id='word_1_165' title='bbox 941 2516 1046 2579; x_wconf 80' lang='lat' dir='ltr'><strong>Catius</strong></span> <span class='ocrx_word' id='word_1_166' title='bbox 1059 2524 1093 2582; x_wconf 87' lang='lat'><strong>18</strong></span> 
     </span>
     <span class='ocr_line' id='line_1_25' title="bbox 139 2613 1047 2697; baseline 0.002 -22"><span class='ocrx_word' id='word_1_167' title='bbox 139 2616 306 2697; x_wconf 83' lang='lat' dir='ltr'><strong>insigniter,</strong></span> <span class='ocrx_word' id='word_1_168' title='bbox 323 2623 418 2693; x_wconf 86' lang='lat' dir='ltr'><strong>utque</strong></span> <span class='ocrx_word' id='word_1_169' title='bbox 434 2614 495 2674; x_wconf 87' lang='lat' dir='ltr'><strong>iam</strong></span> <span class='ocrx_word' id='word_1_170' title='bbox 511 2614 594 2674; x_wconf 88' lang='lat' dir='ltr'><strong>locus</strong></span> <span class='ocrx_word' id='word_1_171' title='bbox 610 2613 661 2674; x_wconf 90' lang='lat' dir='ltr'><strong>ille</strong></span> <span class='ocrx_word' id='word_1_172' title='bbox 680 2615 829 2693; x_wconf 88' lang='lat' dir='ltr'><strong>poscebat,</strong></span> <span class='ocrx_word' id='word_1_173' title='bbox 845 2615 912 2695; x_wconf 85' lang='lat' dir='ltr'><strong>plus</strong></span> <span class='ocrx_word' id='word_1_174' title='bbox 931 2615 963 2675; x_wconf 91' lang='lat' dir='ltr'><strong>in</strong></span> <span class='ocrx_word' id='word_1_175' title='bbox 982 2635 1047 2695; x_wconf 80' lang='lat' dir='ltr'><strong>pre</strong></span> 
     </span>
     <span class='ocr_line' id='line_1_26' title="bbox 91 2712 1046 2794; baseline 0.002 -22"><span class='ocrx_word' id='word_1_176' title='bbox 91 2731 125 2787; x_wconf 82' lang='lat'><strong>25</strong></span> <span class='ocrx_word' id='word_1_177' title='bbox 138 2715 224 2776; x_wconf 89' lang='lat' dir='ltr'><strong>cibus</strong></span> <span class='ocrx_word' id='word_1_178' title='bbox 237 2714 382 2794; x_wconf 89' lang='lat' dir='ltr'><strong>temporis</strong></span> <span class='ocrx_word' id='word_1_179' title='bbox 397 2734 487 2792; x_wconf 85' lang='lat' dir='ltr'><strong>quam</strong></span> <span class='ocrx_word' id='word_1_180' title='bbox 501 2713 534 2771; x_wconf 90' lang='lat' dir='ltr'><strong>in</strong></span> <span class='ocrx_word' id='word_1_181' title='bbox 545 2712 717 2773; x_wconf 81' lang='lat' dir='ltr'><strong>defensione</strong></span> <span class='ocrx_word' id='word_1_182' title='bbox 732 2713 925 2793; x_wconf 89' lang='lat' dir='ltr'><strong>consumpsit.</strong></span> <span class='ocrx_word' id='word_1_183' title='bbox 954 2714 1046 2774; x_wconf 87' lang='lat' dir='ltr'><strong>huius</strong></span> 
     </span>
     <span class='ocr_line' id='line_1_27' title="bbox 139 2811 1047 2891; baseline 0 -19"><span class='ocrx_word' id='word_1_184' title='bbox 139 2813 289 2873; x_wconf 85' lang='lat' dir='ltr'><strong>actionem</strong></span> <span class='ocrx_word' id='word_1_185' title='bbox 324 2831 450 2891; x_wconf 88' lang='lat' dir='ltr'><strong>uespera</strong></span> <span class='ocrx_word' id='word_1_186' title='bbox 484 2811 614 2883; x_wconf 88' lang='lat' dir='ltr'><strong>inclusit,</strong></span> <span class='ocrx_word' id='word_1_187' title='bbox 646 2831 706 2871; x_wconf 92' lang='lat' dir='ltr'><strong>non</strong></span> <span class='ocrx_word' id='word_1_188' title='bbox 734 2820 837 2871; x_wconf 88' lang='lat' dir='ltr'><strong>tamen</strong></span> <span class='ocrx_word' id='word_1_189' title='bbox 865 2811 906 2872; x_wconf 89' lang='lat' dir='ltr'><strong>sic</strong></span> <span class='ocrx_word' id='word_1_190' title='bbox 934 2820 970 2872; x_wconf 89' lang='lat' dir='ltr'><strong>ut</strong></span> <span class='ocrx_word' id='word_1_191' title='bbox 997 2812 1047 2872; x_wconf 90' lang='lat' dir='ltr'><strong>ab·</strong></span> 
     </span>
     <span class='ocr_line' id='line_1_28' title="bbox 138 2908 1047 2990; baseline -0.001 -19"><span class='ocrx_word' id='word_1_192' title='bbox 138 2918 312 2990; x_wconf 85' lang='lat' dir='ltr'><strong>rumperet;</strong></span> <span class='ocrx_word' id='word_1_193' title='bbox 336 2910 439 2988; x_wconf 89' lang='lat' dir='ltr'><strong>itaque</strong></span> <span class='ocrx_word' id='word_1_194' title='bbox 466 2908 498 2968; x_wconf 92' lang='lat' dir='ltr'><strong>in</strong></span> <span class='ocrx_word' id='word_1_195' title='bbox 523 2909 648 2969; x_wconf 90' lang='lat' dir='ltr'><strong>tertium</strong></span> <span class='ocrx_word' id='word_1_196' title='bbox 672 2908 753 2969; x_wconf 88' lang='lat' dir='ltr'><strong>diem</strong></span> <span class='ocrx_word' id='word_1_197' title='bbox 777 2908 969 2988; x_wconf 81' lang='lat' dir='ltr'><strong>probationes</strong></span> <span class='ocrx_word' id='word_1_198' title='bbox 997 2931 1047 2971; x_wconf 86' lang='lat' dir='ltr'><strong>ex·</strong></span> 
     </span>
     <span class='ocr_line' id='line_1_29' title="bbox 138 3008 249 3069; baseline 0 -1"><span class='ocrx_word' id='word_1_199' title='bbox 138 3008 249 3069; x_wconf 90' lang='lat' dir='ltr'><strong>ierunt.</strong></span> 
     </span>
    </p>
   </div>
   <div class='ocr_carea' id='block_1_3' title="bbox 138 3222 1059 3369">
    <p class='ocr_par' dir='ltr' id='par_1_3' title="bbox 138 3222 1059 3369">
     <span class='ocr_line' id='line_1_30' title="bbox 141 3222 1059 3299; baseline 0.001 -20"><span class='ocrx_word' id='word_1_200' title='bbox 141 3230 234 3293; x_wconf 84' lang='lat' dir='ltr'><strong>lergo</strong></span> <span class='ocrx_word' id='word_1_201' title='bbox 245 3226 313 3279; x_wconf 63' lang='grc' dir='ltr'><strong>ΠΕ</strong></span> <span class='ocrx_word' id='word_1_202' title='bbox 321 3228 404 3293; x_wconf 83' lang='lat' dir='ltr'><strong>igitur</strong></span> <span class='ocrx_word' id='word_1_203' title='bbox 414 3230 484 3278; x_wconf 75' lang='lat' dir='ltr'><strong>Porta</strong></span> <span class='ocrx_word' id='word_1_204' title='bbox 518 3227 548 3280; x_wconf 88' lang='grc'><strong>17</strong></span> <span class='ocrx_word' id='word_1_205' title='bbox 565 3229 656 3278; x_wconf 81' lang='lat' dir='ltr'><strong>utem.</strong></span> <span class='ocrx_word' id='word_1_206' title='bbox 673 3230 745 3280; x_wconf 71' lang='lat' dir='ltr'><strong>Porro·</strong></span> <span class='ocrx_word' id='word_1_207' title='bbox 774 3224 811 3277; x_wconf 72' lang='lat'><strong>22</strong></span> <span class='ocrx_word' id='word_1_208' title='bbox 826 3222 1059 3299; x_wconf 55' lang='lat' dir='ltr'><strong>cinamomo&amp;</strong></span> 
     </span>
     <span class='ocr_line' id='line_1_31' title="bbox 138 3309 275 3369; baseline 0 -10"><span class='ocrx_word' id='word_1_209' title='bbox 138 3309 165 3369; x_wconf 77' lang='lat' dir='ltr'><strong>f,</strong></span> <span class='ocrx_word' id='word_1_210' title='bbox 179 3325 226 3359; x_wconf 77' lang='lat' dir='ltr'><strong>om.</strong></span> <span class='ocrx_word' id='word_1_211' title='bbox 239 3315 275 3359; x_wconf 74' lang='lat' dir='ltr'><strong>Fa</strong></span> 
     </span>
    </p>
   </div>
   <div class='ocr_carea' id='block_1_4' title="bbox 0 0 1130 3698">
    <p class='ocr_par' dir='ltr' id='par_1_4' title="bbox 0 0 1130 3698">
     <span class='ocr_line' id='line_1_32' title="bbox 0 0 1130 3698; baseline 0 0"><span class='ocrx_word' id='word_1_212' title='bbox 0 0 1130 3698; x_wconf 95' lang='lat' dir='ltr'><strong> </strong></span> 
     </span>
    </p>
   </div>
  </div>
 </body>
</html>
