2250 3698
54 243 110 302 42.
129 242 187 305 (VI.
198 245 225 305 4)
305 241 506 293 EPISTVLAE
528 241 717 293 SELEGTAE.
933 244 966 294 83

97 390 188 451 Nunc
211 390 404 469 respiciamus
431 389 536 449 domos
561 396 687 453 nostras.
730 390 836 468 ecquid
864 390 965 451 omnia
978 389 1011 448 10

54 491 89 550 in
111 498 165 550 tua
189 491 292 550 recte?
333 488 365 548 in
389 507 456 547 mea
483 487 556 547 noui
583 486 667 548 nihil.
711 488 786 548 mihi
808 496 910 549 autem
934 496 965 550 et

54 588 190 669 gratiora
216 597 288 647 sunt
320 587 407 658 bone,
437 585 518 664 quod
553 593 755 664 peremerant,
786 593 817 647 et
851 585 966 647 leuiora

55 684 253 759 incommoda,
271 683 351 764 quod
365 684 498 745 adsueui.
543 684 617 744 uale.

411 980 464 1036 42·
499 979 558 1041 (VI.
573 982 611 1042 4.)

194 1095 223 1148 O.
248 1096 396 1148 PLINIVS
418 1095 658 1148 CALPVRNIAE
681 1095 775 1148 SVAE
798 1095 824 1149 8.

97 1230 263 1310 Nunquam
304 1250 371 1290 sum
406 1231 503 1310 magis
537 1229 575 1290 de
611 1229 857 1308 occupationibus
891 1229 994 1290 meisl·

56 1337 191 1410 questus,
209 1348 285 1408 quae
305 1348 354 1388 me
368 1348 428 1389 non
444 1336 516 1388 sunt
537 1348 641 1406 passae
655 1338 709 1389 aut
729 1328 965 1408 proficiscentem

56 1440 89 1488 te
116 1425 300 1488 ualetudinis
335 1446 424 1487 eausa
454 1427 487 1486 in
515 1425 709 1506 Campaniam
737 1427 877 1506 prosequi
911 1433 965 1486 aut
1019 1445 1021 1449 ·

16 1538 44 1575 10
56 1523 222 1606 profectam
243 1544 260 1584 e
274 1524 404 1604 uestigio
418 1525 567 1603 subsequi.
611 1545 690 1586 nunc
705 1525 785 1585 enim
805 1524 965 1604 praecipue
978 1522 995 1579 2
1036 1556 1044 1578 s

58 1621 148 1684 simui
173 1642 236 1682 esse
259 1622 423 1703 cupiebam,
447 1632 483 1683 ut
504 1624 596 1684 oculis
619 1625 693 1684 meis
715 1624 867 1685 crederem
891 1624 965 1703 quid
984 1555 1098 1685 M*

57 1721 182 1796 uiribus,
209 1720 283 1800 quid
307 1721 483 1801 corpusculo
506 1722 672 1802 adparares,
699 1723 807 1802 ecquid
834 1723 965 1802 denique
1035 1664 1112 1759 „q

58 1838 190 1880 secessus
204 1818 377 1899 uoluptates
392 1821 582 1900 regionisque
593 1819 809 1881 abundantiam
819 1820 965 1882 inoffensa

58 1917 288 1978 transmitteres.
333 1916 473 1996 equidem
501 1904 592 1977 etiam
620 1917 729 1977 fortem
757 1924 788 1978 te
812 1937 873 1978 non
901 1918 995 1978 sine8

16 2026 43 2080 Ι5
58 2035 130 2077 cura
143 2015 363 2090 desiderarem
384 2022 430 2076 est
444 2014 524 2076 enim
545 2034 723 2094 suspensum
737 2023 768 2075 et
781 2015 906 2075 anxium
927 2014 965 2076 de

58 2134 94 2176 eo
119 2135 210 2194 quem
233 2114 442 2176 ardentissime
464 2114 572 2193 diligas
593 2112 747 2173 interdum
774 2112 850 2172 nihil
872 2113 964 2174 scire:

58 2233 139 2274 nunc
161 2198 236 2275 uero
256 2233 304 2274 me
329 2233 397 2274 cum
421 2212 574 2273 absentiae
597 2220 663 2271 tum
687 2210 872 2271 infirmitatis
894 2213 995 2272 tuaed

58 2312 137 2372 ratio
157 2311 272 2373 incerte
292 2320 324 2372 et
344 2311 429 2371 uaria
453 2310 653 2371 sollicitudine
675 2316 815 2370 exterret.
859 2329 965 2370 uereor

59 2409 167 2483 omnia,
189 2409 339 2489 imaginor
359 2408 467 2481 omnia,
490 2428 626 2487 quaeque
646 2414 754 2467 natura
775 2414 965 2468 metuentum

13 2516 113 2583 20est,
138 2527 173 2568 ea
195 2507 325 2567 maxime
349 2506 423 2566 mihi
448 2526 524 2585 quee
547 2506 677 2565 maxime
697 2504 853 2565 abominor
874 2505 963 2584 fingo.

59 2625 120 2685 quo
134 2605 297 2685 impensius
312 2624 385 2684 rogo
399 2614 435 2664 ut
455 2602 557 2664 timori
572 2622 638 2663 meo
653 2602 763 2664 cotidie
777 2601 902 2681 singulis
916 2601 966 2662 uel
978 2605 995 2661 5

60 2704 151 2764 etiam
178 2702 257 2765 binis
285 2700 422 2785 epistulis
450 2700 594 2762 consulas.
638 2719 690 2761 ero
717 2699 797 2760 enim
825 2699 963 2773 securior,

60 2801 134 2862 dum
148 2800 223 2882 lego,
241 2801 404 2880 statimque
418 2800 540 2874 timebo,
557 2819 624 2860 cum
639 2797 748 2879 legero.
790 2797 867 2888 uale.

92 3003 135 3047 42
155 2999 186 3048 12
202 2996 344 3063 adpareres
360 3002 387 3047 Μ
403 2996 544 3062 adpareres
560 3009 578 3046 a
594 2997 742 3061 acquireres
758 3009 793 3047 ou
827 2996 857 3046 13
875 2994 965 3060 uolup-

60 3084 130 3131 tates
148 3093 166 3130 ι
185 3078 333 3144 uoluptatis
352 3083 413 3130 Heu
431 3077 559 3128 inoffensa
578 3078 731 3129 ualetudine
749 3077 894 3130 &amum
935 3076 967 3129 19

61 3163 189 3228 imaginor
201 3163 289 3213 omnis
299 3165 333 3224 n.
348 3177 396 3213 orn.
411 3174 463 3214 ona

277 3308 376 3377 Μ
481 3338 505 3363 2
