2250 3698
127 225 144 278 8
336 222 365 278 0.
384 222 487 279 PLINI
503 222 650 278 CAECILI
668 221 827 278 suctum
914 220 945 281 ὅ.
964 222 997 287 (I.
1007 221 1036 289 dl

98 373 231 454 2plenas
253 379 355 433 tamen
378 334 672 452 emembrem.
720 393 781 433 non
801 372 951 472 est'quod
968 392 1036 433 con-
1111 361 1113 365 ⁷

128 480 245 533 temnas
267 471 324 554 lpoc
346 471 487 532 studendi
510 491 614 551 genus.
657 471 767 531 mirum
790 478 836 530 est
853 460 1035 531 'tit‘'animus

128 567 294 646 agitatione
314 574 459 644 motuque
473 565 605 644 corporis
620 565 777 626 excitetur.
824 565 886 624 iam
900 564 1036 644 undique

114 659 221 737 'siluae
253 672 291 743 et
311 663 443 767 solitpdo
470 663 629 742 ipsumque
662 663 738 723 illud
771 662 925 723 silentium
953 663 1036 740 quod

104 725 388 822 ffluenationi‘tldldr
402 781 511 839 magna
529 761 720 849 cogitationis
738 761 934 822 incitamenta
952 781 966 821 s
1011 770 1033 822 t.
1114 822 1117 830 ,

99 860 194 939 8proi
227 932 230 937 Ι
265 880 333 920 eum
347 860 504 933 uenabere,
517 859 619 920 licebit
633 867 755 920 auctore
769 881 817 920 me
831 869 867 920 ut
877 781 1082 940 limiam

79 1033 82 1039 Ι
129 958 193 1017 etl
223 944 373 1018 ‘timiam
391 959 433 1019 sic
452 958 543 1017 etiam
561 958 723 1038 pugillares
742 958 828 1018 feras.
872 959 1036 1038 experieris

128 1076 189 1116 non
212 1057 341 1116 Dianam
363 1056 458 1137 magis
479 1057 633 1117 montibus
651 1077 742 1135 quam
764 1057 936 1117 Mineruam
959 1056 1037 1118 iner-
1082 1119 1088 1130 ,

128 1174 203 1214 rare.
246 1154 321 1214 uale.
1047 1158 1105 1170 Α

504 1331 545 1442 a?
570 1386 601 1448 (1.
622 1389 659 1448 9.)
1008 1310 1099 1464 A

234 1503 262 1554 G.
283 1501 431 1553 PLINIVS
448 1502 597 1554 MINICIO
615 1502 792 1554 FVNDANO
809 1503 877 1555 SVO
894 1503 920 1556 S.

100 1624 115 1681 1
170 1620 285 1682 Mirum
304 1628 351 1680 est
367 1640 458 1698 quam
474 1618 600 1699 singulis
618 1619 724 1680 diebus
743 1620 775 1679 in
794 1621 868 1681 urbe
886 1621 965 1682 ratio
983 1631 1037 1683 aut

106 1789 110 1796 ,
130 1725 247 1778 constet
261 1725 315 1777 aut
329 1725 465 1777 constare
480 1717 628 1791 uideatur,
641 1716 778 1797 pluribus
791 1719 961 1798 iunctisque
976 1740 1038 1780 non

100 1824 117 1881 2
130 1822 256 1876 constet.
293 1836 363 1873 nam
377 1814 402 1874 si
416 1835 506 1893 quem
520 1816 688 1895 interroges
706 1816 808 1876 ‘hodie
823 1816 897 1895 quid
912 1818 1036 1898 egistil',

129 1913 310 1993 respondeat
328 1913 439 1973 ‘officio
454 1921 543 1994 togae
558 1914 653 1974 uirilis
669 1914 803 1987 interfui,
820 1916 969 1994 sponsalia
983 1926 1038 1978 aut
1055 1939 1085 1993 15

130 2013 251 2093 nuptias
279 2012 479 2091 frequentaui,
508 2013 559 2073 ille
593 2033 641 2072 me
668 2012 707 2073 ad
735 2014 916 2094 signandum
947 2023 1038 2076 testa

129 2120 273 2185 mentum,
311 2111 362 2171 ille
398 2112 430 2171 in
462 2111 699 2185 aduocationem,
733 2112 784 2172 ille
815 2113 847 2172 in
880 2114 1038 2175 eonsilium

100 2209 267 2291 erogauit)
317 2210 390 2269 haec
412 2230 472 2288 quo
494 2209 544 2269 die
565 2208 670 2270 feceris
693 2211 865 2285 necessaria,
882 2212 995 2286 eadem,
1012 2214 1038 2273 si

130 2308 239 2368 cotidie
266 2307 371 2367 fecisse
401 2315 432 2367 te
465 2316 595 2386 reputes
625 2309 727 2368 inania
754 2307 905 2383 uidentur,
939 2310 1038 2372 multo

129 2407 224 2487 magis
252 2397 320 2467 cum
350 2409 511 2469 secesseris.
555 2416 628 2468 tunc
653 2408 733 2467 enim
760 2407 842 2471 subit
868 2409 1038 2470 recordatio
1052 2439 1086 2476 20

132 2514 222 2584 ‘quot
236 2506 300 2566 dies
316 2527 407 2585 quam
422 2508 540 2589 frigidis
554 2509 644 2569 rebus
658 2507 811 2587 absumpsi
822 2505 846 2567 !'

75 2593 77 2597 ¹
99 2605 116 2660 4
170 2604 258 2679 Quod
273 2606 375 2665 euenit
390 2605 472 2680 mihi,
485 2614 646 2686 postquam
659 2606 691 2665 in
701 2605 887 2666 Laurentino
901 2625 969 2666 meo
982 2616 1039 2668 aut

129 2703 196 2783 lego
210 2703 325 2782 aliquid
340 2712 395 2764 aut
408 2704 505 2765 scn'bo
527 2712 581 2764 aut
602 2704 693 2764 etiam
715 2703 831 2783 corpori
853 2724 935 2776 uaso,
951 2705 1038 2766 euius

99 2799 116 2855 5
128 2766 251 2862 fullffls
265 2802 384 2862 animus
398 2804 573 2863 sustinetur.
615 2802 690 2862 nihil
705 2802 796 2863 audio
810 2803 892 2881 quod
907 2803 1035 2878 audisse,

128 2900 203 2960 nihil
229 2900 296 2960 dico
321 2900 403 2979 quod
427 2901 539 2961 dixisse
563 2901 737 2980 paeniteat:
769 2921 858 2962 nemo
881 2920 930 2961 me
954 2903 1036 2982 apud
1052 2919 1084 2980 25

128 3019 311 3078 quemquam
327 2999 456 3059 sinistris
471 2998 658 3058 sermonibus
673 2979 776 3077 edifiil,
798 2998 949 3087 neminem
971 2976 1037 3080 ipse

128 3095 323 3176 reprehendo,
353 3097 411 3156 nisi
440 3104 542 3156 tamen
570 3117 626 3170 me,
656 3116 725 3156 cum
749 3075 1037 3176 parurii³¹dommode

161 3266 180 3309 ο
202 3261 233 3310 13
249 3260 398 3324 iunctisque
411 3264 466 3309 Bra
479 3259 633 3324 cunctisque
650 3271 684 3309 ou
701 3262 849 3324 cunctaque
865 3262 913 3309 ΙΝ
944 3260 978 3310 25
994 3275 1037 3311 me

126 3341 198 3407 apud
210 3345 265 3391 BPa
276 3341 347 3407 apud
359 3357 400 3391 me
411 3346 494 3392 Hvou
