2250 3698
102 223 156 282 47.
174 222 248 286 (VII.
258 225 284 286 4)
348 221 549 274 EPISTVLAE
571 214 765 274 suanorslt'
974 222 1008 273 95

143 390 213 431 cum
226 370 318 431 libros
332 369 413 430 Galli
427 368 567 450 legerem,
583 369 693 447 quibus
707 368 759 430 ille
772 369 891 448 parenti
1035 371 1053 430 6

141 489 233 530 ausus
246 468 285 530 de
299 467 442 530 Cicerone
455 468 528 530 dare
542 478 590 530 est
604 468 793 548 palmamque
807 468 964 547 decusque,

141 567 287 629 lasciuum
301 568 404 627 inueni
418 566 519 628 lusum
533 565 686 628 Ciceronis
701 574 732 627 et
745 565 797 626 illo

142 665 339 746 spectandum
352 665 474 745 ingenio
488 685 549 744 quo
563 666 640 726 seria
653 664 789 726 condidit
803 671 834 724 et
847 683 908 743 quo

141 765 281 827 humanis
295 764 405 824 sufibus
420 763 517 824 multo
531 763 675 842 uarioque
688 763 790 844 lepore

142 882 320 944 magnorum
334 861 467 923 ostendit
481 869 598 922 mentes
612 861 744 942 gaudere
757 860 900 922 uirorum.

142 981 212 1022 nam
226 961 363 1040 queritur
377 960 458 1040 quod
473 960 578 1020 fraude
592 959 671 1019 mala
684 959 846 1019 frustratus
856 965 1007 1018 amantem

142 1059 271 1140 paucula
285 1067 390 1120 cenato
404 1059 461 1119 sibi
476 1059 579 1119 debita
593 1058 676 1119 sauia
690 1057 761 1119 Tiro

142 1166 278 1237 tempore
292 1164 440 1217 nocturno
454 1157 647 1217 subtraxerit.
691 1155 737 1215 his
752 1175 808 1234 ego
822 1154 914 1228 lectis,

146 1262 214 1316 ‘cur
227 1263 297 1334 post
310 1255 398 1316 haec'
412 1255 536 1333 inquam
553 1260 687 1312 ‘nostros
701 1251 831 1313 celamus
845 1271 969 1325 amores,

143 1354 318 1432 nullumque
331 1354 363 1413 in
377 1352 511 1414 medium
525 1351 623 1412 timidi
639 1350 854 1429 damnaretque
865 1351 995 1410 fatemur

143 1452 321 1531 Tironisque
335 1450 428 1525 dolos,
444 1449 563 1510 Tironis
577 1469 664 1510 nosse
678 1448 798 1529 fugaces
876 1455 880 1461 '

143 1550 304 1611 blanditias
319 1557 350 1610 et
364 1549 445 1608 furta
459 1567 552 1608 nouas
566 1546 710 1608 addentia
723 1547 858 1607 flammas
870 1544 899 1607 ‘l’

103 1683 208 1744 transii
232 1682 272 1742 ad
297 1681 415 1763 elegos;
445 1681 500 1741 hos
524 1700 644 1760 quoque
668 1701 729 1741 non
751 1679 850 1741 minus
871 1679 1009 1740 celeriter
1036 1687 1054 1743 7
1095 1658 1096 1662 ¹

60 1794 89 1850 15
104 1783 249 1862 explicui:
271 1779 375 1841 addidi
389 1779 470 1853 alios,
486 1778 630 1840 facilitate
644 1786 810 1858 corruptus.
853 1777 962 1839 deinde
976 1778 1008 1837 in

103 1880 208 1941 urbem
229 1897 374 1951 reuersus,
398 1876 549 1937 sodalibus
570 1876 639 1957 legi.
681 1877 893 1956 probauerunt.
937 1875 1009 1936 inde
1037 1880 1055 1937 8

102 1977 189 2058 plura
203 1984 306 2051 metra,
324 1976 348 2035 si
370 1974 444 2054 quid
458 1975 520 2048 otii,
537 1975 668 2035 maxime
681 1975 714 2034 in
728 1975 836 2035 itinere
850 1973 1006 2052 temptaui.

103 2085 255 2155 postremo
276 2073 390 2154 placuit
408 2071 545 2152 exemplo
560 2072 725 2133 multorum
740 2091 834 2131 unum
849 2072 1009 2150 separatim

103 2172 421 2253 hendecasyllaborum
443 2170 585 2231 uolumen
605 2169 768 2243 absoluere,
789 2190 844 2230 nec
864 2169 1007 2248 paenitet.

57 2291 91 2328 20
103 2271 222 2352 legitur,
238 2271 425 2344 describitur,
443 2277 582 2330 cantatur
603 2271 702 2344 etiam,
719 2277 750 2330 et
771 2269 925 2330 aGraecis
939 2289 1010 2348 quo·
1038 2272 1055 2329 9

103 2390 169 2449 que,
199 2389 275 2449 quos
302 2369 410 2431 Latine
439 2369 528 2430 huius
556 2368 650 2430 libelli
678 2388 762 2430 amor
789 2369 900 2444 docuit,
930 2388 1009 2429 nunc

70 2519 72 2523 Α
104 2468 218 2529 cithara
232 2488 311 2530 nunc
326 2469 393 2548 lyra
407 2476 593 2548 personatur.

144 2565 204 2626 Sed
232 2566 305 2645 quid
333 2586 389 2646 ego
416 2575 479 2627 tam
506 2565 657 2646 gloriosel
706 2583 878 2643 quanquam
912 2564 1056 2643 poetis10

103 2663 201 2726 furere
223 2684 394 2725 concessum
416 2672 482 2725 est:
503 2671 535 2724 et
556 2672 657 2723 tamen
678 2682 738 2722 non
760 2661 798 2722 de
812 2681 880 2722 meo
898 2660 951 2721 sed
971 2661 1010 2721 de

58 2774 91 2830 25
103 2761 230 2823 aliorum
247 2761 358 2824 iudicio
374 2762 489 2841 loquor,
509 2760 568 2841 qui,
588 2761 652 2821 siue
670 2758 805 2820 iudicant
820 2759 884 2819 siue
898 2767 1008 2834 errant,

103 2880 151 2920 me
172 2859 331 2921 delectant.
375 2880 469 2920 unum
491 2879 604 2939 precor,
624 2867 661 2918 ut
681 2857 794 2937 posteri
816 2876 936 2938 quoque
957 2864 1010 2918 aut

103 2966 205 3020 errent
220 2959 358 3021 similiter
371 2967 425 3020 aut
438 2958 582 3019 iudicent.
626 2956 701 3019 uale.

103 3157 121 3207 2
133 3171 213 3208 ausus
224 3155 257 3207 de
265 3155 391 3208 Cicerone
402 3153 465 3206 dere
476 3158 518 3206 eet
528 3153 664 3207 Corduben
672 3169 751 3205 ausus
762 3153 796 3204 de
807 3154 925 3205 cicerone
934 3153 1011 3204 daret

104 3252 139 3290 ou
152 3255 231 3289 ausus
246 3239 280 3289 de
294 3239 418 3289 Cicerone
434 3237 497 3288 dare
512 3251 529 3287 e
544 3253 634 3287 rursus
649 3237 682 3288 de
692 3237 820 3288 cicerone
830 3235 955 3287 dri-retu
980 3237 1021 3285 ib

104 3320 170 3373 alios
178 3320 240 3377 We
250 3320 321 3377 altos
332 3333 367 3379 oa
379 3319 481 3379 iambos
493 3320 644 3381 Mamaea
