2250 3698
132 241 188 301 59.
206 240 295 305 (VIII.
304 242 348 304 20)
384 239 586 292 EPISTVLAE
602 240 791 292 SELEOTAE.
991 240 1038 291 113

132 409 230 469 eoque
244 388 301 449 sibi
320 406 446 468 magnos
461 386 598 448 homines
618 394 649 447 et
669 387 818 466 sapientes
836 386 941 447 uideri.
984 386 1038 465 qui

131 507 172 549 an
185 487 288 567 magni
302 486 512 565 sapientesque
526 485 588 545 sint
602 485 710 560 nescio,
727 485 862 546 homines
881 504 942 545 non
956 492 1034 544 eunt.

131 585 263 648 hominis
277 592 324 645 est
335 584 415 645 enim
426 582 513 644 adfici
527 583 637 656 dolore,
651 582 770 655 sentire,
784 582 922 642 resistere
936 589 1037 642 tamen
1050 581 1067 636 4

133 691 165 744 et
179 682 288 744 solacia
302 681 472 756 admittere,
482 700 542 741 non
557 680 674 742 solaciis
688 700 750 741 non
761 698 855 759 egere.
879 698 986 740 uerum
999 678 1037 739 de
1051 678 1068 734 5

90 855 93 858 Α
105 797 119 851 5
132 781 180 842 his
188 779 276 860 plura
289 779 417 840 fortasse
425 797 516 857 quam
524 778 623 852 debui,
635 777 687 839 sed
696 778 837 857 pauciora
845 797 936 856 qnam
945 776 1035 838 uolui.

133 886 181 940 est
195 878 276 939 enim
290 876 436 956 quaedam
451 870 542 937 etiam
556 875 678 937 dolendi
697 876 845 955 uoluptas,
862 875 1038 955 praesertim

132 977 159 1036 si
173 976 206 1036 in
220 975 309 1035 amici
327 975 395 1035 sinu
416 973 533 1047 defleas,
550 973 631 1052 apud
652 992 742 1052 quem
762 972 893 1034 lacrimis
913 973 975 1033 tuis
989 971 1038 1033 uel

133 1073 200 1135 leus
214 1073 254 1133 sit
267 1079 373 1153 parata
385 1071 435 1132 uel
449 1071 546 1133 uenia.
589 1071 663 1133 uale.

460 1381 513 1440 ee.
548 1381 637 1445 (vm.
656 1382 711 1445 ao.)

91 1502 122 1541 ιο
355 1499 385 1551 c.
405 1498 553 1550 rnrnrvs
569 1497 688 1550 canno
706 1463 822 1554 sves..

175 1616 226 1679 Ad
247 1634 324 1696 quae
346 1615 495 1677 noscenda
515 1617 574 1676 iter
590 1616 716 1697 ingredi,
734 1616 941 1678 transmittere
958 1615 1068 1677 marel

135 1713 272 1787 solemus,
289 1734 324 1774 ea
338 1714 394 1775 sub
408 1713 500 1775 oculis
516 1715 615 1794 posita
634 1714 829 1796 neglegimus,
845 1735 898 1776 seu
912 1714 1040 1794 quisita

136 1819 245 1873 natura
258 1819 464 1892 comparatum
484 1819 520 1872 ut
539 1812 752 1891 proximorum
765 1813 907 1874 incuriosi
926 1812 1040 1892 longin-

137 1930 196 1990 qua
231 1918 387 1984 sectemur,
418 1930 471 1971 seu
505 1910 586 1989 quod
625 1911 760 1971 omnium
794 1931 896 1972 rerum
931 1909 1040 1989 cupido

93 2017 123 2073 ¹5
136 2008 310 2089 languescit,
335 2029 404 2071 cum
428 2007 523 2069 facilis
548 2008 669 2082 occasio,
694 2029 747 2069 seu
771 2007 852 2088 quod
875 2007 1040 2069 differimus

136 2115 281 2186 tanquam
309 2125 396 2186 saepe
424 2106 519 2167 uisuri
541 2104 623 2185 quod
650 2105 742 2166 datur
769 2105 873 2166 nidere
900 2105 1040 2183 quotiens

137 2203 211 2265 uelis
225 2222 352 2265 cernere.
389 2223 577 2287 quacumque
592 2202 630 2263 de
644 2223 739 2276 causa,
756 2201 906 2283 permulta
920 2203 952 2261 in
966 2203 1069 2268 urbe2

136 2310 240 2362 nostra
254 2302 399 2380 iuxtaque
414 2303 519 2362 urbem
531 2321 592 2362 non
601 2300 792 2362 oculismodo
803 2299 856 2360 sed
870 2320 908 2361 ne
918 2300 1040 2361 auribus

137 2399 259 2479 quidem
283 2399 430 2472 nouimus,
447 2419 524 2478 quae
543 2399 568 2459 si
590 2398 710 2460 tulisset
731 2398 853 2471 Achaia,
869 2396 1038 2478 Aegyptus,

90 2509 124 2547 20
137 2497 211 2557 Asia
228 2497 325 2557 aliave
345 2496 498 2575 quaelibet
519 2496 730 2558 miraculorum
750 2495 836 2556 ferax
857 2495 1041 2557 commende-

137 2596 259 2675 triane
272 2602 361 2668 terra,
378 2595 489 2667 audita,
506 2594 644 2674 perlecta,
661 2593 790 2654 lustrata
803 2593 989 2654 haberemus.

178 2691 247 2772 Ipse
279 2703 360 2754 certe
387 2712 483 2773 nuper
510 2691 592 2772 quod
619 2711 673 2752 nec
703 2690 857 2752 audieram
888 2698 960 2751 ante
987 2697 1072 2754 nec3

137 2792 272 2853 uideram
296 2791 401 2853 audiui
424 2791 538 2870 pariter
563 2799 594 2851 et
618 2790 691 2851 uidi.
735 2796 878 2870 exegerat
904 2809 1043 2869 prosocer

137 2910 222 2951 meus
236 2899 272 2950 ut
288 2889 433 2950 Amerina
451 2886 574 2969 praedia
592 2907 646 2948 sua
662 2888 847 2967 inspicerem.
890 2887 963 2948 haec
978 2908 1043 2968 per-

90 3001 123 3055 25
137 2987 303 3049 ambulanti
331 2986 405 3047 mihi
433 2985 603 3049 ostenditur
630 2985 786 3046 subiacens
813 2985 895 3046 lacus
922 2985 1042 3047 nomine

139 3168 151 3217 l
169 3165 313 3231 sapienteis
324 3164 410 3216 uideri
421 3165 467 3229 qui
478 3180 512 3236 an
523 3165 612 3230 magni
622 3176 648 3224 a,
661 3179 710 3215 om.
724 3168 751 3214 Μ

171 3254 210 3297 te
232 3249 263 3298 15
279 3247 381 3296 occasio
392 3251 434 3297 est
444 3260 491 3296 seu
501 3258 520 3296 a
553 3247 584 3298 19
601 3245 744 3314 Aegyptus
760 3244 870 3313 alisque
885 3242 1029 3312 suasisset
1042 3255 1067 3292 a.

133 3331 165 3380 21
182 3329 347 3393 lustratisque
355 3341 375 3379 a

580 3429 607 3474 E
