2250 3698
87 229 140 290 54.
159 230 233 295 (VII.
243 234 286 293 27)
339 228 539 285 EPISTVLAE
556 227 745 285 SELEOTAE.
823 251 824 255 ¹
946 230 992 285 los

88 380 238 441 obtinenti
272 378 407 440 Africam
441 399 540 440 comes
573 379 728 441 haeserat:
769 379 914 440 inclinato
942 380 1009 442 die·

88 479 277 558 spatiabatur
297 479 330 538 in
357 478 492 558 porticu:
528 479 653 538 offertur
680 478 707 538 ei
735 477 869 538 mulieris
896 479 993 559 figura

88 568 220 638 humana
233 575 376 656 grandior
385 575 597 655 pulchriorque
608 600 614 636 ε
634 576 795 656 perterrito
806 575 939 636 Africam
950 597 989 650 se,

88 675 261 736 futurorum
274 674 493 753 praenuntiam,
509 674 608 748 dixit3
627 674 743 734 iturum
757 675 838 734 enim
854 675 990 748 Romam,

62 764 275 850 thonoresque
310 778 476 851 gesturum,
513 779 604 850 atque
640 773 732 832 etiam
768 793 835 833 cum
875 794 992 835 summo

87 869 214 950 imperio
240 869 273 930 in
297 869 423 931 eandem
453 868 639 949 prouinciam
666 889 866 945 reuersurum,
890 871 992 951 ibique

88 968 276 1029 moriturum.
318 968 398 1028 facta
422 975 494 1028 sunt
515 969 621 1028 omnia.
664 976 819 1055 praeterea
839 968 1022 1030 accedenti3

88 1066 303 1147 Carthaginem
314 1066 541 1146 egredientique
551 1086 628 1126 naue
639 1066 744 1127 eadem
754 1068 851 1147 figura
861 1067 893 1127 in
904 1065 992 1128 litore

88 1165 250 1226 occurrisse
277 1173 425 1226 narratur.
483 1164 546 1244 ipse
574 1172 655 1225 certe
685 1164 849 1243 implicitus
877 1165 990 1237 morbo,

46 1279 76 1316 10
87 1262 191 1324 futura
211 1263 389 1342 praeteritis,
410 1261 537 1323 aduersa
557 1262 697 1323 secundis
717 1269 890 1342 auguratur,
910 1282 992 1341 spem

87 1359 194 1421 salutis
207 1360 290 1420 nullo
305 1380 428 1422 suorum
442 1360 620 1439 desperante
635 1359 767 1439 proiecit.

128 1457 194 1519 Iam
217 1458 293 1519 illud
315 1478 415 1519 nonne
439 1466 471 1519 et
494 1458 588 1537 magis
610 1457 744 1518 terribile
766 1465 797 1519 et
816 1478 876 1519 non
893 1459 1022 1523 minus4

88 1557 198 1617 mirum
217 1564 271 1630 est,
288 1556 370 1635 quod
389 1575 537 1635 exponam
558 1564 593 1616 ut
613 1555 736 1634 accepit
777 1563 842 1616 erat
862 1555 1021 1628 Athenis5

88 1654 219 1736 spatiosa
246 1662 277 1715 et
304 1675 399 1735 capax
427 1653 542 1729 domus,
565 1653 618 1714 sed
640 1654 760 1714 infamis
784 1663 815 1715 et
839 1655 989 1734 pestilens

46 1769 73 1822 ¹5
87 1772 141 1833 per
155 1752 308 1814 silentium
319 1753 415 1813 noctis
429 1772 520 1812 sonus
530 1751 608 1825 ferri,
622 1760 653 1813 et
667 1752 692 1812 si
703 1752 874 1813 attenderes
885 1754 990 1827 acrius,

87 1850 232 1930 strepitus
246 1849 436 1912 uinculorum
450 1850 567 1929 longius
581 1851 687 1929 primo,
700 1851 810 1911 deinde
824 1871 840 1912 e
854 1851 992 1931 proximo

87 1948 288 2010 reddebatur:
319 1968 391 2009 mox
415 1949 578 2028 apparebat
601 1948 712 2022 idolon,
735 1969 826 2010 senex
846 1951 940 2011 macie
961 1957 994 2010 et

87 2046 224 2125 squalore
245 2047 406 2120 confectus,
424 2047 570 2126 promissa
590 2046 691 2120 barba,
712 2047 847 2107 horrenti
868 2047 992 2127 capillo:

87 2145 224 2206 cruribus
244 2145 411 2223 compedes,
433 2144 572 2204 manibus
593 2152 713 2205 catenas
736 2145 861 2226 gerebat
881 2145 994 2224 quatie

41 2265 74 2301 20
87 2243 207 2322 batque.
249 2243 320 2304 inde
340 2242 582 2303 inhabitantibus
604 2243 706 2302 tristes
728 2242 870 2321 diraeque
891 2247 1023 2306 noctesd

86 2362 141 2422 per
154 2349 269 2403 metum
280 2342 501 2423 uigilabantur:
521 2341 656 2422 uigiliam
667 2342 789 2402 morbus
801 2349 832 2402 et
842 2351 993 2404 crescente

87 2439 246 2500 formidine
274 2460 354 2500 mors
379 2439 568 2519 sequebatur.
611 2461 682 2500 nam
707 2440 842 2502 interdiu
863 2461 992 2521 quoque,

87 2558 268 2618 quamquam
306 2538 490 2599 abscesserat
523 2538 631 2618 imago,
667 2539 810 2599 memoria
854 2538 994 2619 imaginis

88 2636 180 2697 oculis
197 2636 356 2710 inerrabat,
373 2636 548 2715 longiorque
566 2637 661 2696 causis
678 2637 795 2697 timoris
812 2637 904 2697 timor
918 2644 991 2698 erat.

42 2754 72 2808 25
88 2736 206 2797 deserta
227 2735 298 2797 inde
321 2746 352 2796 et
375 2735 518 2796 damnata
545 2735 707 2795 solitudine
731 2734 846 2808 domus,
869 2743 994 2813 totaque

87 2833 131 2893 illi
154 2843 288 2895 monstro
308 2833 413 2894 relicta
422 2857 431 2909 3
458 2833 699 2913 proscribebatur
720 2840 828 2906 tamen,
852 2832 994 2911 sanquis

88 2952 194 3005 emere,
211 2952 264 2992 seu
278 2932 345 3012 quis
360 2933 524 2993 conducere
538 2932 661 3013 ignarus
676 2932 754 2992 tanti
768 2931 839 2992 mali
854 2931 954 2993 uellet.

122 3101 162 3143 u
188 3094 352 3160 lquaestori
375 3094 506 3145 obtinenti
529 3093 646 3145 Africam
669 3095 813 3145 Mornntsca
864 3097 897 3144 24
925 3095 992 3145 iner-

88 3175 166 3228 rabat
176 3181 237 3229 uon
248 3176 403 3227 inhaerebat
418 3191 436 3227 a
451 3177 604 3243 longiorque
620 3178 705 3227 causis
721 3178 824 3226 timoris
840 3178 920 3226 timor
935 3180 994 3226 erat

88 3272 123 3309 ou
133 3258 287 3324 longiorque
299 3258 385 3309 causis
396 3258 476 3309 timor
486 3263 544 3309 erat
555 3263 581 3309 u
592 3258 774 3328 longiorisque
788 3273 885 3310 caussa.
893 3257 1007 3308 timoris

88 3342 167 3389 timor
175 3345 260 3390 erata
292 3342 327 3391 25
341 3341 484 3396 solitudini
496 3342 627 3400 Halmius
