2250 3698
53 242 108 303 45.
126 242 187 308 (VI.
201 243 244 306 lu)
304 241 505 296 EPISTVLAE
526 240 716 294 seudum.
931 241 964 294 st

54 391 162 472 grratio
182 409 252 452 cum
266 389 466 464 miseratione,
483 396 551 469 post
564 389 715 450 decimum
729 388 836 449 mortis
850 409 963 449 annum

55 491 199 570 reliquias
234 489 463 570 neglectumque
499 489 628 550 cinerem
666 488 730 547 sine
764 487 863 559 titulo,
899 488 964 549 sine

55 590 179 651 nomine
192 589 298 662 iacere,
314 588 398 649 cuius
416 588 561 648 memoria
579 587 682 648 orbem
701 595 851 647 terrarum
869 586 964 667 gloria

56 695 248 768 pentagetur.
290 686 394 747 atille
414 686 611 747 mandauerat
632 693 812 764 caueratque
833 693 869 744 ut
888 680 994 745 diui-4

18 796 30 851 5
55 806 130 847 num
144 784 222 845 illud
233 792 264 844 et
278 784 447 845 immortale
458 783 571 844 factum
586 785 722 844 uersibus
733 783 963 844 inscriberetur:

110 883 160 945 hio
175 883 251 943 situs
265 889 312 943 est
326 880 431 955 Rufus,
447 883 534 961 pulso
549 883 601 962 qui
616 882 742 941 Vindice
758 882 909 961 quondam
926 886 929 893 ’

179 980 340 1060 imperium
355 980 488 1041 adseruit
503 1000 563 1041 non
578 981 635 1040 eibi
650 979 703 1040 sed
717 981 840 1060 patriae.

56 1087 120 1140 tam
134 1098 204 1139 rara
217 1079 249 1138 in
263 1079 402 1139 amicitiis
421 1077 503 1153 fides,
519 1086 582 1138 tam
600 1086 706 1158 parata
727 1077 839 1139 obliuio
853 1085 964 1138 mortu·
976 1075 994 1134 5

56 1196 145 1238 orum
168 1183 204 1236 ut
228 1177 286 1255 ipsi
311 1177 396 1237 nobis
421 1176 582 1237 debeamus
611 1177 702 1237 etiam
727 1175 894 1236 conditoria
916 1195 964 1236 ex-

16 1287 45 1324 10
56 1284 175 1337 struere
195 1276 354 1355 omniaque
375 1276 520 1336 heredum
541 1275 636 1335 officia
654 1293 851 1353 praesumere.
895 1270 995 1333 nami

57 1375 106 1437 oui
141 1394 203 1435 non
238 1386 285 1435 est
325 1374 492 1435 uerendum
527 1374 609 1453 quod
644 1373 782 1434 uidemus
823 1372 965 1433 accidisse

57 1472 228 1554 Verginio?
257 1473 340 1533 cuius
363 1473 503 1532 iniuriam
528 1479 563 1532 ut
587 1471 787 1551 indigniorem
810 1470 851 1531 sic
873 1470 964 1531 etiam

58 1571 207 1633 notiorem
222 1571 316 1651 ipsius
331 1571 450 1631 claritas
463 1569 544 1631 facit.
587 1570 661 1631 uale.

406 1877 458 1934 45.
493 1877 552 1939 (vr.
574 1879 624 1939 ro.)

18 2001 45 2056 ις
276 1993 305 2046 o.
326 1958 623 2044 rnlnivsrnorro
641 1992 708 2044 svo
726 1991 751 2044 s.

102 2127 186 2188 Petis
210 2134 246 2187 ut
273 2127 329 2188 tibi
357 2126 498 2188 auunculi
526 2126 585 2187 mei
607 2126 723 2187 exitum
744 2125 880 2198 scribam,
906 2127 995 2204 quol

60 2226 163 2287 uerius
193 2225 312 2286 tradere
341 2226 468 2304 posteris
498 2226 600 2304 possis.
645 2224 758 2306 gratias
786 2243 862 2304 ago:
897 2243 965 2284 narn

60 2324 151 2385 uideo
178 2324 269 2384 morti
298 2324 369 2397 eius,
400 2325 425 2383 si
457 2323 625 2384 celebretur
652 2345 670 2384 a
698 2332 736 2396 te,
766 2321 967 2383 immortalem

60 2421 189 2504 gloriam
211 2442 275 2483 esee
297 2422 490 2501 propositam.
534 2422 672 2502 quamuis
701 2422 780 2482 enim
807 2420 997 2500 pulchari-2

15 2531 179 2582 2omarum
200 2520 283 2582 clade
304 2529 460 2594 terrarum,
482 2528 517 2581 ut
539 2520 651 2601 populi,
675 2529 711 2580 ut
738 2520 835 2592 urbes,
860 2538 968 2580 memo-

61 2618 149 2681 rabili
169 2639 239 2680 casu
258 2620 343 2698 quasi
363 2639 480 2699 semper
501 2620 637 2680 uicturus
659 2617 810 2692 occiderit,
830 2617 969 2696 quamuis

62 2718 127 2798 ipse
150 2717 281 2799 plurima
303 2738 394 2798 opera
419 2726 450 2778 et
475 2739 614 2779 mansura
639 2715 816 2789 condiderit,
839 2699 969 2775 multum

63 2831 165 2878 tamen
179 2817 376 2897 perpetuitati
392 2818 456 2879 eius
470 2819 650 2898 scriptorum
664 2826 787 2878 tuorum
806 2814 969 2875 aeternitas

62 2914 163 2977 addet.
207 2915 346 2995 equidem
361 2917 465 2979 beatos
480 2928 555 2996 puto
573 2918 682 2997 quibus
701 2916 826 2976 deornm
845 2915 1000 2974 muneret

18 3017 50 3072 ²5
62 3013 169 3075 datum
187 3022 233 3075 est
250 3022 303 3075 aut
322 3016 418 3077 facere
439 3016 595 3076 scribenda
613 3023 667 3076 aut
686 3015 815 3076 scribere
834 3011 968 3093 legendo,

63 3112 251 3174 beatissimos
263 3133 335 3174 uero
351 3115 459 3194 quibus
473 3122 645 3194 utrumque.
682 3113 791 3174 horum
801 3112 833 3171 in
845 3127 971 3170 numero

64 3274 81 3323 2
97 3275 152 3324 sine
164 3275 246 3326 titulo
256 3281 307 3337 Hs,
322 3292 368 3327 out.
384 3289 417 3328 ou

91 3362 133 3404 u
147 3357 183 3406 20
198 3356 271 3407 urbis
282 3358 422 3413 uasauoon
