2250 3698
143 231 198 294 ὅθ.
216 232 308 298 (vm
318 236 345 298 4)
400 234 601 288 EPISTVLAE
618 235 808 290 estserae.
1007 237 1055 290 100

473 703 609 769 LIBER
637 703 729 770 vm

489 956 542 1014 56.
577 955 665 1019 (vm.
679 960 717 1022 4)

343 1091 372 1143 0.
395 1091 543 1144 PLINIVS
565 1090 720 1143 CANINIO
742 1092 810 1145 SVO
830 1092 855 1145 S.

189 1225 312 1308 Optime
332 1226 405 1287 facis
419 1225 501 1305 quod
520 1225 635 1287 bellum
648 1225 793 1286 Daeieum
814 1226 943 1288 seribere
956 1247 1051 1308 pares.
1066 1243 1082 1301 1

119 1345 220 1403 snam
243 1344 320 1404 quae
343 1331 405 1384 tam
430 1343 540 1398 recens,
563 1331 627 1384 tam
649 1324 774 1402 eopiosa,
798 1331 862 1384 tam
885 1323 954 1400 lata,
977 1346 1054 1404 quae

147 1422 279 1502 denique
293 1430 356 1483 tam
370 1423 495 1501 poetica,
511 1430 543 1482 et
556 1441 728 1501 quanquam
742 1422 774 1482 in
785 1422 948 1484 uerissimis
965 1424 1054 1486 rebus

148 1531 213 1584 tam
240 1519 376 1582 fabulosa
402 1521 550 1580 materiai
598 1519 678 1581 diaes
702 1521 835 1582 immissa
859 1523 948 1584 terris
975 1544 1054 1585 noua
1066 1535 1084 1593 2

148 1619 281 1692 flumina,
310 1637 404 1678 nouos
431 1625 538 1696 pontes
566 1618 740 1680 fluminibus
773 1620 906 1696 iniectos,
941 1622 1054 1683 insessa

149 1717 255 1778 castris
269 1716 417 1777 montium
433 1715 570 1794 abrupta,
586 1715 707 1796 pulsum
721 1719 811 1798 regia,
827 1718 948 1799 pulsum
962 1721 1053 1781 etiam

107 1839 138 1877 ιο
149 1815 214 1875 uita
235 1833 335 1894 regem
355 1813 430 1874 nihil
449 1813 658 1894 desperantem
669 1839 677 1891 ;
698 1836 788 1896 super
808 1817 888 1893 haee,
904 1827 987 1880 astos
1007 1819 1053 1880 bis

148 1913 327 1992 triumphos,
340 1931 468 1991 quorum
479 1912 557 1973 alter
568 1934 606 1973 ex
616 1913 730 1975 inuicta
740 1923 830 1995 gente
841 1916 964 1995 primus,
977 1917 1054 1978 alter

148 2011 330 2073 nouissimus
344 2010 411 2076 fuit.

189 2108 259 2171 Vna
286 2108 338 2171 sed
366 2109 497 2170 maxima
525 2108 692 2181 difficultas,
720 2109 801 2190 quod
829 2110 902 2172 haee
925 2121 1084 2191 aequares

149 2207 276 2269 dicendo
289 2207 426 2282 arduum,
442 2208 630 2281 immensum,
647 2209 739 2268 etiam
752 2216 807 2270 tuo
820 2209 950 2290 ingenio,
963 2231 1054 2290 quan·

105 2327 115 2362 ι
121 2325 135 2377 5
150 2326 240 2384 quam
260 2305 404 2366 altissime
423 2305 568 2386 adsurgat
587 2313 618 2366 et
639 2306 830 2386 amplissimis
851 2308 990 2388 operibus
1011 2310 1053 2370 in·

149 2410 269 2464 creseat.
305 2423 366 2464 non
380 2403 481 2464 nullus
496 2414 527 2464 et
540 2405 572 2464 in
587 2405 639 2465 illo
653 2405 745 2477 labor,
759 2413 795 2466 ut
808 2405 935 2467 barbara
949 2417 980 2468 et
990 2409 1054 2469 fera

150 2501 278 2575 nomina,
294 2501 327 2561 in
345 2501 450 2581 primis
470 2502 549 2581 regis
568 2503 670 2582 ipsius,
693 2503 814 2564 Graecis
836 2506 973 2566 uersibus
992 2526 1053 2567 non
1083 2521 1086 2527 ·

150 2599 304 2660 resultent.
349 2599 401 2660 sed
426 2598 501 2659 nihil
526 2600 674 2678 estquod
700 2620 761 2661 non
782 2609 848 2662 arte
869 2622 1007 2681 curaque,
1028 2603 1083 2673 si4

150 2718 211 2758 non
237 2704 339 2778 potest
372 2698 460 2771 uinci,
491 2697 654 2776 mitigetur.
711 2707 873 2776 praeterea,
903 2699 929 2759 si
963 2698 1055 2762 datur

183 2894 235 2944 For
250 2894 290 2944 the
306 2893 390 2956 eiphth
407 2891 475 2953 book,
495 2893 574 2943 seticis
590 2893 614 2942 is
630 2891 731 2956 lackiaq
747 2893 775 2943 ia
792 2894 833 2944 the
849 2894 928 2947 amira
944 2897 1010 2947 cleas
1026 2898 1059 2960 of

151 2977 210 3028 lert
224 2985 328 3042 macary
338 2976 416 3028 MSS.
431 2983 456 3027 to
471 2976 552 3027 which
567 2991 582 3027 ο
597 2978 651 3027 aad
662 2991 680 3027 u
695 2979 787 3042 baleam,
803 2980 862 3044 only
878 2985 905 3031 Μ
915 2981 968 3032 and
979 2994 997 3031 a
1007 2998 1053 3034 are

148 3060 280 3123 repulerly
292 3058 364 3110 cited.
408 3059 492 3109 Wltere
504 3059 543 3108 the
555 3061 665 3124 readiay
677 3060 710 3124 os
722 3061 764 3110 bat
779 3077 824 3112 aaa
841 3063 864 3112 is
879 3065 952 3128 pivea
969 3064 996 3114 ia
1013 3065 1053 3116 lise

143 3141 289 3205 feet-notas,
303 3142 343 3192 the
354 3141 463 3204 reading]
474 3141 507 3204 of
513 3141 551 3191 tte
563 3142 634 3192 other
645 3141 668 3192 is
678 3143 733 3192 thar
744 3142 777 3206 os
783 3144 823 3193 the
835 3151 892 3194 text.

183 3264 222 3308 60
240 3260 322 3308 5tam
335 3256 389 3307 late
405 3256 518 3322 denique
530 3261 585 3306 tam
599 3262 626 3308 Μ
658 3259 674 3310 6
691 3257 720 3308 in
734 3258 926 3313 seuerissimus
936 3244 1066 3315 mmmm

146 3341 181 3386 15
192 3339 353 3402 amplissime
364 3351 382 3388 a
417 3341 448 3390 18
464 3338 513 3392 sed
524 3355 576 3395 ont.
590 3345 619 3396 Ι
