2250 3698
135 217 188 274 88.
206 217 270 280 (III.
282 221 306 280 l)
380 217 582 270 EPISTVLAE
604 217 794 270 autumn.
1009 218 1042 270 49

132 364 267 444 aliquem
280 364 451 439 amicorum,
467 373 503 426 ut
519 385 568 425 me
586 365 730 445 proxime.
773 385 863 443 quam
882 364 1041 444 pulchrum
1069 367 1087 425 d

133 463 219 537 illud,
230 483 321 542 quam
332 462 419 524 dulce
430 469 596 525 secretum!
624 471 772 541 quantum
782 463 825 523 ibi
835 464 1039 542 antiquitatis!

134 581 212 640 quae
239 562 328 636 iacta,
358 583 434 641 quos
461 563 542 623 uiros
571 562 694 623 audias!
730 561 840 641 quibus
873 563 1040 642 praeceptis

133 659 288 720 imbuare!
303 660 441 738 quamuis
455 659 506 721 ille
520 661 576 722 hoo
590 667 862 739 temperamentum
875 659 1040 720 modestiae

107 774 206 828 senae
224 757 377 832 indixerit,
397 779 435 818 ne
452 758 623 838 praecipere
641 758 789 818 uideatur.
831 759 960 837 peractis
977 778 1040 838 sep
1068 765 1086 824 7

134 864 198 918 tem
217 857 338 918 milibus
362 877 504 946 passuum
525 857 636 917 iterum
658 856 793 917 ambulat
815 856 905 930 mille,
929 856 1040 916 iterum

134 949 241 1012 residit
258 951 306 1011 uel
324 971 355 1011 se
373 950 510 1012 cubiculo
527 971 561 1011 ac
580 950 650 1010 stilo
669 949 779 1011 reddit.
822 950 927 1011 scribit
949 950 1037 1022 enim,

135 1057 167 1111 et
180 1047 303 1127 quidem
313 1056 442 1128 utraque
453 1049 564 1130 lingua,
577 1049 672 1128 lyrica
685 1049 874 1110 doctissima:
893 1048 970 1109 mira
980 1047 1039 1107 illis

134 1144 271 1219 dulcedo,
289 1146 365 1206 mira
383 1147 524 1220 suauitas,
545 1147 622 1207 mira
640 1146 784 1220 hilaritas,
804 1146 888 1207 cuius
910 1145 1039 1226 gratiam

91 1265 122 1303 ιο
135 1244 270 1306 cumulat
280 1245 423 1305 sanctitas
433 1243 599 1306 scribentis.
632 1244 684 1304 ubi
695 1244 769 1304 hora
779 1243 890 1304 balinei
900 1243 1040 1303 nuntiata
1067 1248 1085 1308 8

135 1351 182 1404 est
197 1344 256 1425 (cst
270 1351 372 1403 autem
385 1344 484 1403 hieme
499 1363 586 1416 nona,
603 1349 719 1403 aestate
733 1341 862 1421 octaua),
878 1341 910 1401 in
929 1340 998 1414 sole,
1014 1341 1040 1401 si

135 1450 217 1504 caret
245 1450 344 1515 uento,
374 1441 510 1502 ambulat
534 1441 640 1502 nudus.
684 1440 793 1502 deinde
817 1449 958 1501 mouetur
978 1439 1040 1519 pila

135 1541 330 1601 uehementer
352 1547 383 1600 et
405 1539 475 1600 diu:
501 1559 571 1600 nam
593 1541 649 1601 hoc
673 1560 792 1618 quoque
817 1539 1039 1600 exercitationis

134 1658 244 1720 genere
258 1646 375 1720 pugnat
389 1658 458 1699 cum
472 1645 634 1699 senectute.
668 1638 749 1698 lotus
763 1637 888 1698 accubat
902 1644 933 1697 et
947 1636 1040 1715 pauli-

93 1750 122 1804 15
134 1757 203 1816 sper
221 1736 321 1797 cibum
339 1736 458 1797 differt:
482 1736 604 1796 interim
618 1736 704 1797 audit
722 1736 873 1818 legentem
887 1734 1040 1795 remissius
1090 1799 1092 1801 ,

134 1833 250 1913 aliquid
274 1843 304 1895 et
329 1833 454 1896 dulcius.
496 1855 550 1914 per
577 1835 633 1896 hoc
656 1855 743 1895 omne
768 1842 887 1914 tempus
910 1832 1040 1895 liberum

135 1941 182 1995 est
203 1932 305 1994 amicis
324 1933 372 1994 uel
393 1933 497 1993 eadem
516 1933 614 1994 iacere
633 1933 682 1994 uel
702 1933 769 2007 alia,
788 1933 813 1992 si
831 1931 947 1992 malint.
990 1931 1040 1991 ad-
1067 1934 1086 1996 9

134 2032 258 2112 ponitur
272 2052 344 2092 cena
358 2052 419 2092 non
433 2033 532 2093 minus
546 2030 644 2092 nitida
658 2052 748 2110 quam
762 2031 844 2112 frugi
862 2029 896 2090 in
913 2038 1040 2112 argento

134 2150 211 2209 puro
233 2137 265 2190 et
286 2130 428 2208 antiquo:
457 2130 583 2191 suntin
606 2148 664 2190 usu
687 2137 718 2189 et
739 2127 906 2202 Corinthia,
930 2128 1040 2207 quibus

90 2227 303 2289 aodelectatur
326 2248 380 2289 nec
402 2227 549 2289 adficitur.
592 2227 772 2306 frequentur
794 2225 944 2287 comoedis
967 2247 1040 2288 cena

135 2325 340 2407 distinguitur,
357 2334 393 2387 ut
406 2326 579 2406 uoluptates
593 2346 712 2404 quoque
727 2323 835 2386 studiis
849 2325 1037 2386 condiantur.

135 2425 228 2485 sumit
242 2424 356 2503 aliquid
370 2424 408 2485 de
422 2434 510 2485 nocte
525 2433 555 2486 et
569 2432 701 2484 aestate:
717 2422 830 2484 nemini
844 2423 899 2484 hcc
914 2424 1039 2504 longum

136 2531 200 2596 est,
214 2529 300 2582 tanta
314 2523 455 2583 comitate
469 2523 641 2583 conuiuium
656 2522 796 2584 trahitur.
827 2520 898 2582 inde
912 2520 956 2581 illi
970 2528 1040 2599 post
1052 2529 1085 2589 10

135 2621 297 2700 septimum
322 2630 353 2682 et
378 2623 653 2699 septuagensimum
676 2641 789 2681 annum
820 2620 939 2680 aurium
973 2639 1040 2679 ocu·

90 2726 120 2780 25
134 2719 234 2780 lorum
254 2719 342 2801 uigor
363 2719 489 2800 integer,
514 2708 585 2780 inde
609 2719 687 2800 agile
714 2726 745 2780 et
769 2716 908 2779 uiuidum
932 2738 1039 2798 corpus

135 2817 257 2896 solaque
272 2837 310 2878 ex
325 2825 479 2879 senectute
493 2816 662 2900 prudentia.

176 2914 264 2976 Hanc
291 2935 347 2997 ego
375 2915 471 2976 uitam
502 2924 575 2977 uoto
603 2922 634 2989 et
662 2914 844 2997 cogitatione
871 2933 1037 2994 praesumo,
1051 2920 1084 2981 11

135 3076 150 3128 7
174 3071 267 3123 residit
282 3077 350 3123 mv
365 3072 464 3123 residet
480 3078 551 3123 roua
583 3075 598 3124 8
616 3073 700 3138 lyrica
716 3072 869 3122 doctissima
885 3076 941 3121 Bra
957 3070 1041 3134 lyrica

136 3154 176 3216 (li-
185 3157 214 3214 u)
226 3159 254 3204 et
265 3153 418 3205 doctissima
429 3169 462 3205 cu
473 3155 556 3219 lyrica
568 3155 718 3206 doctissime
729 3152 798 3204 uvf
825 3155 856 3203 14
869 3152 940 3202 lotus
951 3156 1041 3202 Brona

136 3237 191 3288 illic
210 3243 258 3287 HV
298 3239 331 3288 20
355 3253 404 3287 nec
422 3242 470 3288 MV
489 3241 517 3288 et
536 3241 626 3291 Brona
666 3239 702 3290 24
720 3235 863 3290 semotum
875 3239 945 3287 m
966 3233 1060 3290 nauiu-

133 3325 324 3391 tamquarm

581 3417 606 3474 Ρ
