2250 3698
69 211 121 271 1³.
140 211 172 276 (Ι.
184 213 227 277 m)
316 213 517 268 EPISTVLAE
539 214 728 268 SELEUPAE.
941 216 973 267 21

109 360 232 421 Adsunt
253 362 323 423 huie
344 363 479 442 opinioni
500 383 584 423 meae
601 363 690 447 leges,
706 382 783 450 quae
801 360 974 443 longissime
986 368 1018 427 11

67 466 205 539 tempera
234 459 405 541 largiuntur
434 482 488 522 nec
513 461 695 521 breuitatem
724 460 892 521 dicentibus
920 459 974 521 sed

66 549 191 635 copiam,
207 557 263 618 hoc
278 566 323 618 est
337 558 534 640 diligentiam,
550 559 696 633 suadent;
716 579 807 637 quem
820 566 973 637 praestare
989 627 992 634 ¹

66 654 126 714 nisi
139 654 171 714 in
185 656 404 736 angustissimis
418 656 514 717 causis
533 676 594 717 non
611 664 712 736 potest
730 655 887 741 breuitas.⁸
923 655 973 715 ad·
985 659 1018 716 12

37 752 155 822 siciam
189 754 271 831 quod
304 775 352 815 me
387 755 491 816 docuit
525 775 605 828 usus,
646 754 790 834 magister
824 753 976 834 egregius..

65 852 241 930 frequenter
255 852 311 933 egi,
327 843 501 931 frequenter
517 852 657 925 iudicaui,
673 852 847 931 frequenter
859 852 892 911 in
906 871 973 912 eon·

65 949 134 1010 silio
148 950 210 1010 fui:
233 950 316 1010 eliud
329 950 403 1011 elios
417 959 528 1024 movet,
544 971 578 1012 ec
595 951 772 1030 plerumque
793 970 903 1031 paruae
924 970 971 1010 res

64 1047 212 1108 maximas
223 1050 358 1109 trahunt.
394 1049 478 1109 uaria
492 1057 564 1109 sunt
574 1049 730 1110 hominum
740 1049 857 1122 iudicia,
870 1049 972 1108 uariae

64 1146 256 1206 uoluntates:
271 1146 341 1207 inde
355 1147 408 1226 qui
423 1146 548 1207 eandem
563 1167 682 1208 causam
696 1146 786 1206 simul
800 1145 969 1219 audierunt,

17 1259 51 1296 10
63 1264 155 1324 saepe
188 1243 349 1318 diuersum,
379 1244 532 1305 interdum
566 1244 655 1317 idem,
685 1243 738 1304 sed
773 1264 811 1304 ex
845 1243 972 1304 diuersis

63 1341 159 1402 animi
192 1341 324 1402 motibus
358 1343 502 1403 sentiunt.
556 1350 712 1422 praeterea
743 1362 814 1402 suae
845 1342 971 1421 quisque
983 1350 1017 1408 13

63 1439 234 1500 inuentioni
256 1439 341 1500 fauet
365 1448 397 1500 et
421 1441 506 1519 quasi
531 1440 728 1501 fortissimum
752 1439 968 1519 complectitur,

63 1554 134 1594 cum
150 1533 189 1594 ab
206 1533 265 1597 elio
284 1533 399 1594 dictum
420 1541 467 1594 est
487 1533 569 1613 quod
586 1534 650 1613 ipse
670 1532 828 1613 praeuidit.
879 1534 971 1594 omni-

62 1631 121 1691 bus
146 1651 217 1713 ergo
241 1629 375 1691 dandum
403 1638 449 1692 est
477 1631 592 1710 aliquid
619 1631 700 1711 quod
728 1639 860 1705 teneant,
890 1631 971 1711 quod

18 1742 49 1797 ¹5
62 1737 236 1810 agnoscant.

104 1827 193 1887 Dixit
221 1826 382 1906 aliquando
410 1826 484 1888 mihi
512 1826 655 1907 Regulus,
680 1847 749 1887 cum
777 1825 866 1886 simul
889 1826 971 1887 edes-
984 1829 1017 1885 14
1099 1893 1101 1896 ¹

61 1946 171 1999 semue,
182 1932 197 1989 1‘
206 1934 241 1985 tu
250 1925 350 1986 omnia
360 1946 437 2004 quae
447 1933 518 1985 sunt
528 1925 560 1984 in
570 1945 658 1985 cause
669 1933 758 2004 putes
770 1924 968 2003 exsequenda,
1025 1946 1028 1951 ’

62 2043 120 2104 ego
134 2022 272 2103 iugulum
286 2022 390 2082 statim
404 2022 501 2096 uidc0,
518 2022 598 2083 hunc
613 2021 751 2102 premc':
774 2021 886 2101 premit
899 2041 970 2082 sene

62 2119 145 2198 quod
170 2120 262 2201 eligit,
289 2119 342 2181 sed
366 2120 398 2179 in
426 2119 564 2200 eligendo
588 2120 764 2199 frequenter
788 2127 876 2180 erret.
927 2125 1016 2183 re15

20 2231 51 2268 20
62 2217 171 2298 spondi
185 2238 270 2297 posse
285 2218 349 2279 fieri
364 2226 399 2278 ut
413 2238 493 2299 genu
505 2226 583 2279 esset
597 2225 651 2278 eut
665 2218 752 2290 telus,
766 2217 818 2277 ubi
831 2216 970 2299 iugulum

61 2324 201 2396 putaret:
226 2322 274 2377 ‘at
298 2315 373 2398 ego'
397 2317 520 2395 inquam
551 2316 620 2395 ‘qui
642 2315 780 2396 iugulum
802 2317 969 2397 perspicere

62 2434 123 2474 non
164 2434 293 2494 possum,
330 2414 430 2474 omnia
470 2422 649 2494 pertempto,
687 2415 787 2474 omnia
821 2415 966 2494 experior,

63 2511 157 2570 πάντα
172 2511 302 2592 denique
318 2511 404 2570 λίθον
419 2510 495 2585 κινῶ,
513 2520 608 2590 utque
626 2512 661 2580 ¹in
682 2511 800 2572 culture
821 2513 886 2593 egri
907 2533 968 2572 non
981 2515 1014 2571 16

63 2610 166 2670 uineas
194 2618 315 2670 tentum
343 2630 449 2671 uerum
464 2609 570 2678 ‚etiam
598 2609 728 2682 arbusta,
759 2629 813 2670 nec
845 2609 968 2670 arbusta

19 2716 49 2770 ²5
62 2716 183 2768 tentum
196 2729 303 2769 uerum
315 2707 407 2768 etiam
421 2727 540 2786 campos
551 2727 622 2767 curo
637 2714 668 2766 et
683 2727 814 2780 exerceo,
827 2714 921 2785 utque
935 2707 967 2766 in

61 2806 133 2886 ipsis
147 2807 260 2886 campis
273 2827 334 2867 non
344 2806 391 2867 ier
405 2813 459 2866 eut
473 2805 622 2886 siliginem
636 2805 729 2866 solam
744 2805 797 2868 sed
811 2805 964 2879 hordeum,

60 2891 162 2965 litim
183 2913 342 2984 ceteraque
363 2904 515 2985 legumina
536 2924 610 2976 sero,
629 2903 671 2964 sic
694 2904 726 2963 in
740 2903 857 2965 actione
878 2904 967 2984 plura

61 3067 92 3116 12
109 3067 295 3132 complectitur
312 3067 401 3118 BFeue.
417 3065 588 3130 amplectitur
601 3070 649 3115 MV
683 3066 713 3115 19
730 3064 805 3130 eligit
819 3069 873 3115 Bra
886 3065 966 3131 elegit

59 3151 141 3200 mou
173 3149 207 3200 20
223 3156 291 3214 genu
309 3154 377 3200 esset
394 3153 442 3199 eut
459 3148 529 3200 telus
546 3147 645 3198 uvoFe
656 3147 791 3214 genuisset
806 3152 855 3199 eut
868 3147 978 3199 tulus}

59 3229 194 3296 genuisset
207 3234 256 3281 eut
267 3229 317 3280 sibi
330 3234 378 3299 eut
388 3229 448 3281 eliis
460 3234 482 3282 F
488 3247 560 3296 genu
572 3238 645 3286 esset
660 3238 713 3287 unt
725 3232 801 3287 tibin.
815 3237 868 3286 eut
880 3232 961 3284 mim
970 3242 999 3282 u

55 3310 103 3357 nbi
108 3310 154 3356 ille
161 3310 279 3373 iugulum
289 3315 344 3371 m,
359 3327 407 3363 om.
422 3315 472 3366 ille
482 3321 577 3372 Brona
