2250 3698
146 213 201 270 22.
219 213 266 276 (IL
277 215 320 276 20)
393 212 594 266 EPISTVLAE
617 213 807 266 SELEOTAE.
1020 213 1054 265 46

146 360 220 421 illuc
237 381 253 421 e
273 361 391 440 pascuis
411 378 519 440 pecora
543 360 736 434 conueniunt,
757 361 781 421 si
802 359 924 440 quando
944 379 1054 439 aquam

147 459 325 520 umbramue
339 466 502 521 sectantur.

189 557 320 619 Iustisne
325 557 363 620 de
372 559 469 620 causis
478 579 547 620 eum
552 559 608 619 tibi
618 558 723 619 uideor
731 558 867 633 incolere,
873 557 1051 632 inhabitare,
1065 561 1099 621 29

147 656 273 737 diligere
287 677 443 731 secessum,
459 678 549 736 quem
568 665 603 717 tu
617 657 705 717 nimis
720 656 852 716 urbanus
866 676 897 717 es
916 656 974 716 nisi
987 676 1054 717 con·

120 771 134 826 5
148 756 294 835 cupiscisl
333 764 426 835 atquc
440 757 557 817 utinam
571 756 777 836 concupiscas!
793 762 829 816 ut
842 763 890 816 tot
900 755 1053 834 tantisque

148 853 270 915 dotibus
284 853 407 914 uillulae
425 863 545 915 nostrae
562 854 694 914 maxima
707 852 928 915 commendatio
945 873 983 914 ex
999 860 1054 914 tuo

148 951 345 1012 contubernio
360 951 489 1013 accedat.
532 952 607 1014 uale.

501 1281 550 1337 aa.
587 1281 633 1344 ιιι
654 1263 726 1344 aa.)⁴

344 1398 373 1452 ο.
393 1397 728 1452 Pmurvsosnvmm
746 1397 814 1450 svo
831 1397 858 1450 s.

105 1537 137 1576 ιο
193 1519 316 1579 ‘Assem
340 1539 413 1598 para
441 1526 472 1578 et
499 1517 598 1597 accipe
623 1537 744 1577 auream
765 1516 917 1592 fabulam,’
938 1515 1055 1579 fabulas
1084 1517 1099 1576 1

149 1617 261 1677 immo:
283 1638 354 1676 nam
368 1637 416 1677 ma
430 1616 564 1697 priorum
578 1633 658 1676 noua
671 1614 837 1690 admonuit,
854 1636 908 1677 nec
923 1615 1017 1676 refert
1037 1636 1055 1675 a

150 1735 211 1794 qua
223 1715 413 1794 potissimum
426 1713 575 1793 incipiam.

190 1812 322 1873 Verania
336 1812 453 1872 Pisonis
467 1811 602 1893 grauiter
615 1811 739 1887 iacebat,
753 1811 842 1872 huius
856 1811 923 1872 dico
937 1808 1055 1872 Pisonis
1084 1814 1102 1872 2

87 1894 88 1898 Ἰ
150 1932 241 1991 quem
270 1910 368 1972 Galba
397 1910 562 1990 adoptauit.
620 1910 659 1970 ad
688 1911 765 1973 hanc
794 1909 929 1991 Regulus
960 1909 1053 1972 uenit.

106 2024 136 2079 15
150 2010 281 2090 primum
294 2007 514 2089 impudentiam
528 2008 657 2068 hominis
672 2008 724 2087 qui
738 2008 857 2068 uenerit
875 2007 914 2067 ad
934 2028 1056 2089 aegram

150 2108 235 2168 cuius
257 2107 366 2168 marito
388 2106 618 2178 inimicissimus,
643 2104 701 2184 ipsi
726 2104 924 2165 inuisissimus
945 2105 1052 2167 iuerat

150 2214 224 2280 esto,
255 2206 281 2265 si
302 2205 387 2265 uenit
407 2212 545 2264 tantum:
573 2212 607 2263 at
624 2203 675 2264 ille
699 2202 791 2263 etiam
812 2203 967 2283 proximus
988 2211 1056 2264 toro
1084 2203 1102 2262 8

151 2303 238 2377 sedit,
261 2323 321 2382 quc
340 2302 397 2376 die,
413 2324 474 2382 qua
487 2303 561 2363 hora
575 2310 647 2363 nata
662 2310 741 2364 essct
755 2301 962 2382 interrogauit.
1003 2301 1056 2363 ubi

150 2401 256 2475 audiit,
269 2401 421 2481 componit
435 2400 563 2474 uultum,
576 2400 709 2462 intendit
724 2400 832 2474 ocules,
845 2408 949 2461 mouet
962 2399 1053 2474 labra,

104 2501 248 2582 coagitat
275 2499 395 2580 digitos,
425 2508 589 2580 computat.
638 2502 720 2563 nihil.
773 2509 809 2562 ut
836 2500 889 2559 diu
916 2499 1056 2559 miseram

151 2599 374 2680 exspectatione
385 2598 550 2677 suspendit,
565 2601 672 2662 ‘habes
681 2600 688 2626 '
698 2601 798 2681 inquit
809 2597 1057 2660 ‘climacterioum

151 2706 279 2777 tempus,
308 2697 361 2758 scd
389 2697 507 2758 cuades.
555 2700 637 2778 quod
661 2708 697 2760 ut
724 2700 781 2760 tibi
809 2698 904 2779 magis
931 2696 1054 2775 liqueat,
1084 2700 1102 2756 4

151 2795 339 2876 haruspicem
353 2796 506 2857 consulam
520 2817 609 2876 quem
624 2818 691 2858 sum
705 2795 880 2876 frequenter
895 2793 1056 2876 expertus!

152 2915 206 2955 nec
217 2915 314 2970 mora;
328 2895 504 2956 sacrificium
518 2895 599 2969 facit,
611 2895 751 2957 adfirmat
762 2904 834 2956 exta
844 2917 912 2957 cum
924 2896 1056 2957 siderum
1085 2888 1102 2948 5

151 3074 168 3124 2
195 3072 348 3125 umbramue
370 3079 452 3126 uvea
472 3074 644 3140 umbramque
666 3080 722 3125 Bru
765 3075 781 3124 3
808 3090 868 3124 eum
893 3080 983 3126 Brona
1004 3075 1057 3125 iam

151 3155 227 3287 mail
246 3240 277 3289 16
293 3238 344 3303 ipsi
362 3238 537 3289 inuisissimus
553 3253 602 3292 mm
620 3236 690 3292 uvi*
728 3239 764 3291 lt
779 3239 853 3306 quel
865 3253 925 3306 una.
935 3236 1008 3289 W
1038 3236 1082 3284 ‘R

145 3319 214 3368 atad
224 3325 255 3370 ut
266 3319 312 3372 diu
323 3325 398 3374 BPou
410 3322 480 3376 nihil
491 3322 542 3378 diu
553 3323 644 3382 Ὴῆ.
