2250 3698
89 242 144 306 40.
161 245 221 310 (VI.
235 249 277 309 20)
361 246 561 299 EPISTVLAE
584 246 774 299 SELEOTAE.
964 249 996 299 89

90 395 173 456 ximo
197 395 351 474 adspicere
375 393 482 473 ecquid
504 394 564 454 iam
586 413 668 454 mare
690 393 884 470 admitteret;
913 393 995 473 quod

89 493 189 555 adhuc
213 501 334 554 uastum
358 500 389 554 et
412 488 572 554 aduersum
597 492 799 571 permanebat.
842 492 885 553 ibi
906 507 995 572 super
1009 508 1042 566 18

89 593 241 654 abiectum
254 592 382 653 linteum
401 591 545 651 recubans
566 590 659 651 semel
682 599 774 670 atque
790 591 900 652 iterum
915 591 996 672 frigi-

89 691 160 752 dam
183 691 319 771 poposcit
343 690 510 768 hausitque.
567 689 676 750 deinde
703 690 839 750 flammae
867 691 996 750 flamma

61 802 218 867 §rumque
245 789 443 867 praenuntius
470 788 545 848 odor
571 787 702 867 sulpuris
733 787 806 848 alios
833 788 866 847 in
893 789 996 869 fugam

90 895 224 960 uertunt,
249 887 384 946 excitant
415 885 509 945 illum.
562 885 696 945 innitens
724 885 851 945 seruulis
878 885 996 948 duobus
1010 899 1043 957 19

90 985 269 1056 adsurrexit,
287 992 318 1045 et
332 985 436 1044 statim
450 983 589 1056 concidit,
606 990 642 1043 ut
656 1003 711 1063 ego
725 983 840 1064 colligo,
855 985 996 1046 crassiore

91 1083 219 1164 caligine
233 1084 342 1163 spiritu
358 1083 513 1143 obstructo
528 1081 687 1160 clausoque
703 1083 864 1156 stomacho,
881 1084 933 1161 qui
952 1083 996 1143 illi

91 1189 201 1243 natura
220 1180 372 1241 inualidus
392 1188 423 1241 et
444 1187 590 1260 angustus
612 1187 643 1240 et
663 1180 837 1258 frequenter
857 1189 997 1242 aestuans
1072 1240 1075 1245 .

46 1289 165 1341 ¹0erat.
208 1281 260 1340 ubi
288 1280 352 1340 dies
380 1279 517 1339 redditus
543 1279 581 1357 (is
605 1277 643 1337 ab
664 1297 700 1338 co
724 1297 814 1356 quem
836 1279 997 1340 nouissime
1010 1290 1044 1347 m

91 1379 211 1440 uiderat
231 1377 361 1456 tertius),
377 1397 485 1456 corpus
505 1377 665 1437 inuentum
686 1376 846 1456 integrum,
862 1376 997 1438 illaesum
1101 1432 1102 1435 ,

92 1487 290 1558 opertumque
304 1485 340 1537 ut
354 1477 452 1536 fuerat
467 1475 610 1536 indutus:
632 1474 754 1535 habitus
771 1476 903 1556 corporis
918 1477 998 1555 quie-

92 1577 187 1636 scenti
201 1597 292 1655 quem
307 1574 449 1636 defuncto
465 1574 596 1635 similior.

133 1673 260 1734 Interim
271 1673 381 1733 Miseni
393 1692 448 1752 ego
457 1679 488 1733 et
498 1672 688 1733 mater-sed
699 1672 775 1732 nihil
783 1673 822 1734 ad
831 1673 995 1746 historiam,
1010 1680 1042 1738 21

48 1786 78 1839 ¹5
92 1791 146 1834 nec
160 1780 196 1832 tu
210 1771 293 1833 aliud
307 1791 397 1850 quam
412 1770 450 1831 de
465 1771 549 1830 exitu
564 1771 628 1831 eius
642 1771 717 1832 scire
731 1770 863 1832 uoluisti.
907 1773 997 1832 finem

92 1891 164 1952 ergo
178 1871 292 1933 faciam.
337 1890 432 1930 unum
446 1869 580 1942 adiciam,
597 1869 698 1929 omnia
712 1888 760 1929 me
780 1871 888 1948 quibus
907 1871 997 1931 inter·
1010 1876 1044 1933 m

91 1970 214 2043 hierem,
242 1988 378 2049 quaeque
406 1968 518 2041 statim,
541 1987 608 2028 cum
631 1967 761 2027 maxime
789 1988 862 2028 uera
888 1988 998 2028 memo·

91 2077 205 2141 rantur,
217 2068 380 2140 audieram,
390 2074 587 2146 persecutum.
629 2075 664 2124 tu
673 2065 828 2143 potissima
838 2085 996 2145 excerpes:

91 2167 172 2227 aliud
189 2175 234 2228 est
249 2167 329 2228 enim
345 2165 505 2245 epistulam
520 2163 601 2223 aliud
620 2162 784 2235 historiam,
800 2162 883 2223 aliud
901 2163 996 2224 amico

45 2282 78 2320 20
90 2264 173 2326 aliud
188 2264 326 2326 omnibus
341 2264 476 2324 scribere.
521 2261 595 2323 uale.

421 2501 507 2582 oe,
524 2500 583 2562 ‹vr
598 2501 651 2563 20.)

305 2621 333 2672 G.
355 2619 501 2671 PLINIVS
519 2617 650 2668 TACITO
668 2616 735 2668 SVO
753 2615 778 2668 S.

130 2755 185 2815 Ais
212 2762 252 2827 te,
279 2753 443 2814 adductum
471 2751 581 2813 litteris
609 2770 683 2829 quas
712 2749 846 2829 exigenti
873 2750 930 2810 tibi
957 2751 996 2812 de
1025 2767 1040 2823 1

89 2860 186 2915 morte
209 2852 351 2914 auunculi
373 2853 432 2912 mei
455 2850 566 2930 scripsi,
593 2868 700 2928 cupere
723 2867 900 2928 cognoscere
920 2869 995 2927 quos

43 2973 75 3028 25
90 2971 146 3032 ego
171 2951 281 3012 Miseni
305 2950 427 3012 relictus
452 2949 496 3030 (id
522 2948 601 3009 enim
626 2948 778 3027 ingressus
803 2946 994 3029 abruperam)

46 3186 49 3190 Ι
89 3114 246 3180 3frigidam
258 3113 293 3164 Fa
305 3113 347 3175 (cf.
358 3113 414 3162 ΙΙΙ.
425 3117 448 3163 5.
461 3115 502 3170 11)
515 3109 638 3175 frigidam
650 3125 744 3174 aquam
757 3113 817 3159 Heu
850 3110 995 3160 tinnitens

89 3195 199 3246 seruolis
221 3201 248 3246 Μ
270 3195 376 3245 innixus
398 3195 481 3244 seruis
501 3206 553 3243 oua
598 3192 612 3244 7
639 3191 733 3256 colligo
755 3196 781 3241 Μ
803 3191 922 3240 coniecto
944 3205 996 3242 oue

87 3278 105 3328 9
127 3279 279 3343 frequenter
299 3281 422 3328 aestuans
441 3281 468 3327 M
489 3275 644 3343 frequenter
664 3273 869 3325 interaestuane
886 3284 945 3320 oua.
958 3271 1015 3318 hre-

81 3365 194 3423 quanter
203 3361 280 3412 intus
291 3365 420 3416 aestuans
433 3362 454 3416 f
486 3364 520 3416 ll
540 3361 653 3415 uiderat
665 3365 729 3414 erat
738 3357 849 3412 tertius
859 3354 1016 3405 nonnum
