2250 3698
130 221 177 278 ros
323 224 352 277 o.
372 217 474 277 mm
491 214 636 277 esrom
653 217 813 275 ssovnm
834 215 887 280 st.
905 215 978 283 (vn.
989 215 1034 286 aa)

464 485 514 543 55·
551 485 625 549 ΝΠ·
645 487 699 548 Q)

330 621 359 673 0.
379 619 528 672 PLINIVS
546 619 708 672 SEPTIOIO
725 619 793 672 SVO
810 618 836 672 S.

100 764 115 821 1
169 753 225 815 Ais
252 753 398 834 quosdam
432 752 514 832 apud
549 759 580 812 te
619 751 853 832 reprehendisse,
891 760 1035 832 tanquam

129 853 239 914 amicos
252 872 335 913 meos
350 851 484 912 exomni
499 850 652 912 occasione
669 849 749 910 ultra
763 849 888 910 modum
905 849 1033 911 laudem.

100 959 258 1030 2agnosoo
280 951 400 1024 crimen,
415 948 581 1029 ampleotor
605 948 705 1009 etiam.
749 947 823 1027 quid
842 948 922 1009 enim
946 948 1064 1023 hone-5

130 1049 206 1109 atius
235 1047 322 1127 culpa
345 1047 562 1127 benignitatis?
614 1047 667 1126 qui
691 1055 763 1107 sunt
785 1054 887 1107 tamen
911 1046 962 1107 isti
983 1047 1036 1126 qui

130 1147 241 1208 amicos
265 1167 347 1208 meos
371 1146 478 1208 melius
506 1146 630 1224 norintt
679 1145 732 1206 sed
759 1154 796 1206 ut
822 1146 932 1219 norint,
963 1145 1037 1225 quid

129 1245 270 1306 inuident
289 1244 364 1305 mihi
385 1244 555 1305 felicissimo
577 1246 698 1305 erroret
740 1252 776 1304 ut
797 1245 877 1305 enim
896 1264 958 1305 non
976 1244 1038 1304 sint

130 1343 205 1405 tales
228 1343 331 1423 quales
355 1363 373 1403 a
396 1363 445 1428 me
469 1342 689 1423 praedicantur,
713 1362 769 1424 ego
794 1350 897 1403 tamen
921 1343 1034 1416 beatus,

101 1442 212 1522 3qu0d
234 1441 308 1502 mihi
330 1441 481 1502 uidentur.
526 1441 620 1522 igitur
638 1440 678 1501 ad
699 1440 773 1502 alios
793 1440 869 1501 hano
884 1440 1036 1501 sinistram
1054 1463 1083 1499 10

130 1540 319 1619 diligentiam
347 1538 510 1615 conferant,
541 1560 595 1600 neo
627 1545 698 1600 sunt
725 1558 832 1618 parum
860 1537 957 1612 multi,
984 1539 1036 1616 qui

130 1658 251 1718 carpere
264 1637 375 1699 amioos
390 1657 460 1700 suos
473 1637 618 1699 iudicium
637 1643 765 1698 uocant:
790 1635 864 1696 mihi
882 1656 1036 1715 nunquam

129 1735 355 1818 persuadebunt
378 1744 413 1796 ut
440 1756 521 1797 meos
545 1735 640 1796 amari
663 1755 682 1796 a
705 1755 754 1796 me
775 1734 902 1794 nimium
921 1743 1034 1814 putem

131 1834 206 1896 uale.

164 2039 202 2081 tt
225 2033 241 2082 3
259 2035 394 2097 tamquam
414 2036 441 2082 u
460 2035 594 2097 tamquam
613 2032 636 2082 si
652 2045 687 2082 ou
706 2031 776 2097 quod
792 2044 810 2081 a
849 2031 864 2085 7
884 2031 978 2082 melius
996 2039 1037 2081 m'e

129 2116 220 2164 norint
238 2114 374 2166 Geronton
390 2131 432 2164 me
450 2115 544 2165 melius
560 2115 651 2164 norint
668 2115 812 2166 Mommsen
852 2116 868 2164 8
887 2130 975 2164 errore
994 2119 1037 2164 Ma

130 2212 244 2246 errorem
255 2210 290 2246 ou
322 2198 338 2247 9
354 2196 445 2261 qualos
462 2200 512 2256 Ha,
529 2212 578 2246 om.
593 2210 627 2246 ou
643 2201 675 2246 ut
689 2196 710 2246 f
741 2198 772 2248 13
788 2197 899 2246 nimium
915 2200 1007 2262 putem
1020 2210 1038 2246 a

129 2279 241 2330 nimium
252 2283 342 2329 autem
353 2283 380 2329 Μ
390 2279 469 2328 nimis
480 2293 596 2342 unquam
606 2282 700 2345 putem
710 2292 745 2329 ou
