2250 3698
143 230 196 289 ³7.
213 229 339 294 (ma)
391 229 593 283 EPISTVLAE
610 229 800 284 tumorem
1000 233 1045 282 lll

143 384 176 438 et
202 396 320 458 opacus.
364 376 444 438 hunc
472 377 577 438 subter
603 377 670 438 fons
700 377 773 451 exit,
802 385 834 439 et
867 359 1048 459 exprimitur

142 473 282 556 pluribus
300 475 386 536 uenis
407 475 460 536 sed
479 475 651 555 imparibus,
669 475 877 555 eluctatusque
895 476 968 537 facit
981 497 1049 558 gur·

143 574 239 654 gitem
263 573 325 652 qui·
337 572 400 634 lato
421 573 536 654 gremio
557 574 685 653 patescit
706 593 800 652 purus
819 582 850 634 et
870 575 993 647 uitreas,
1014 583 1051 635 ut

144 689 303 731 numerere
324 670 417 731 iactas
442 671 535 750 stipes
558 678 589 731 et
608 670 771 732 relucentis
794 671 923 732 calculos
944 673 1048 752 possis.

118 768 216 838 sinde
238 788 300 829 non
324 767 382 829 loci
401 767 576 829 deuexitate
597 768 649 829 sed
668 769 734 848 ipsa
752 770 799 830 sui
816 770 901 848 copia
920 778 951 830 et
965 770 1081 848 quasit

145 864 279 946 pondere
293 865 466 944 impellitur.
510 867 577 927 fons
591 866 690 927 adhuc
704 874 736 928 et
754 867 815 927 iam
833 867 1049 947 amplissimum

145 964 259 1025 flumen
272 971 364 1042 atque
379 964 470 1024 etiam
484 964 608 1024 nauium
627 965 753 1044 patiens,
769 984 843 1044 quas
862 966 967 1027 obuias
981 986 1053 1045 quo·

146 1081 205 1141 que
219 1070 251 1122 et
265 1061 414 1122 contrario
429 1063 497 1123 nisu
510 1063 543 1122 in
556 1062 677 1122 diuersa
691 1062 851 1125 tendentes
871 1065 1052 1125 transmittit

147 1167 179 1220 et
199 1158 327 1240 perfert,
349 1160 424 1221 adeo
452 1159 571 1220 ualidus
595 1167 631 1220 ut
655 1160 707 1220 illa
731 1181 791 1239 qua
813 1169 955 1241 properat
978 1162 1051 1240 ipse,

104 1274 135 1312 ιο
147 1277 319 1337 quanquam
345 1278 400 1338 per
420 1257 516 1319 solum
538 1258 669 1337 planum,
688 1259 778 1319 remis
799 1278 861 1319 nou
880 1259 1051 1334 adiunctur,

146 1355 228 1417 idem
249 1356 413 1436 aegerrime
434 1357 523 1416 remis
545 1356 701 1435 contisque
720 1364 880 1437 superetur
898 1357 1051 1418 aduersus.

147 1453 314 1515 iucundum
325 1461 487 1533 utrumque
501 1474 556 1534 per
566 1455 664 1515 iocum
676 1454 842 1535 ludumque
853 1456 1052 1530 fluitantibus,
1065 1463 1084 1522 4

94 1546 97 1551 ’
148 1559 184 1612 ut
214 1552 355 1612 flexerint
388 1571 517 1626 cursum,
546 1551 679 1613 laborem
714 1554 786 1628 otio,
821 1555 918 1615 otium
951 1555 1054 1617 labore

148 1649 274 1710 uariare.

104 1762 134 1818 15
188 1747 284 1827 Ripae
298 1747 418 1808 fraxino
429 1746 533 1822 multa,
546 1747 642 1808 multa
656 1749 767 1829 populo
786 1751 966 1825 uestiuntur,
980 1770 1055 1831 quas

148 1846 324 1926 perspicuus
345 1845 442 1906 amnis
463 1845 548 1906 uelut
568 1866 679 1908 mersas
702 1848 793 1908 uiridi
814 1848 944 1929 imagine
961 1849 1055 1909 adnu-

147 1952 252 2006 merat.
285 1945 367 2024 rigor
380 1964 476 2024 aquae
491 1946 653 2006 certauerit
667 1946 796 2021 niuibus,
809 1966 863 2007 nec
874 1946 955 2008 color
965 1946 1052 2007 cedit.

147 2041 265 2103 adiacet
285 2042 433 2123 templum
447 2031 586 2123 'priscum
611 2050 643 2103 et
663 2043 854 2124 religiosum:
881 2052 943 2104 stat
962 2043 1084 2108 alicu-5

147 2160 236 2201 mnus
260 2141 324 2221 ipse
347 2141 475 2203 amictus
500 2148 683 2220 ornatusque
705 2148 881 2219 praetexta:
915 2160 1055 2221 praesens

102 2268 135 2305 20
148 2258 261 2300 numen
275 2247 367 2318 atque
382 2241 474 2300 etiam
488 2240 645 2300 fatidicum
661 2239 796 2299 indicant
808 2247 910 2300 sortes.
954 2259 1056 2318 sparsa

75 2334 84 2342 ’
149 2345 221 2398 sunt
234 2337 311 2398 circa
325 2337 432 2399 sacella
451 2338 605 2418 complura
623 2337 811 2416 totidemque
830 2337 881 2398 dii.
925 2357 979 2397 sua
997 2338 1055 2398 cui-

149 2453 207 2514 que
230 2436 392 2509 ueneratio,
415 2456 503 2497 suum
526 2456 643 2510 nomen,
666 2435 845 2515 quibusdam
866 2455 938 2496 uero
964 2436 1055 2496 etiam

149 2531 266 2608 fontes3
287 2553 357 2593 nam
374 2540 495 2613 praeter
510 2533 597 2594 illum
615 2534 699 2613 quasi
717 2541 873 2613 parentem
888 2542 1054 2593 ceterorum

149 2638 221 2691 sunt
234 2631 365 2692 minores
384 2632 483 2711 capite
504 2631 626 2692 discreti
636 2654 645 2706 ;
673 2631 725 2691 sed
745 2630 861 2691 flumini
882 2631 1053 2705 miscentur,

103 2757 135 2811 25
148 2728 230 2807 quod
257 2737 350 2810 ponte
377 2731 602 2791 transmittitur.
658 2729 684 2789 is
713 2729 860 2788 terminus
888 2729 963 2789 sacri
990 2739 1085 2807 prce

148 2825 290 2906 fanique:
318 2827 351 2887 in
375 2828 527 2907 superiore
551 2835 637 2907 parte
662 2826 805 2906 nauigare
826 2833 954 2899 tantum,
977 2826 1056 2888 infra

148 2926 240 2986 etiam
251 2933 355 2987 natare
366 2946 545 2987 concessum.
576 2925 727 2986 balineum
741 2923 932 3003 Hispellates,
946 2925 1055 3004 quibus

182 3078 220 3120 67
244 3072 257 3121 l
278 3071 413 3122 exitione
430 3077 458 3123 u
500 3072 517 3122 2
536 3071 721 3137 eluctatusque
741 3071 904 3136 quemfecit
923 3073 1055 3138 gurgitem

148 3152 204 3204 lato
223 3156 323 3220 gremio
342 3154 457 3219 patescit
475 3159 502 3205 u
548 3155 579 3205 10
594 3169 753 3219 quamquam
773 3158 800 3204 u
819 3158 946 3219 tanquam
965 3168 983 3204 a
1025 3156 1055 3207 16

148 3235 224 3286 uelut
242 3249 260 3286 a
277 3240 309 3287 ut
325 3241 352 3287 Μ
366 3236 490 3301 imagine]
505 3235 618 3302 margini
631 3233 777 3287 Markland
815 3237 850 3288 ‘lt
864 3239 978 3287 uatum
987 3234 1068 3284 iutra.

148 3317 226 3366 etiam
237 3333 285 3369 om.
299 3321 330 3367 Ι
