2250 3698
413 229 698 285 mrssonucmon.
960 247 962 249 ·
975 229 1014 285 xli

104 391 185 441 lm
205 391 330 441 120wa
353 408 359 422 ·
380 392 435 440 ssu
458 407 464 420 ·
479 398 511 458 p.
534 377 646 456 hyemi,
667 397 783 458 potorum
803 379 981 441 iacemus
1006 408 1013 423 ·

104 476 1013 558 rosrns·sn·nrvnvulplns·vnssn·vonv1r·

105 587 269 634 eneruem
282 619 385 636 .....
400 576 466 636 ism
481 577 571 636 uiuos
590 590 740 636 munn-
760 591 796 636 1n
816 590 1013 636 ·nnn1nnr·

105 663 1019 751 evsnoslrr,·rvnnnnn·rnns·vnmn·ss·d.dan

106 767 303 864 bybdoltaam,
331 775 359 831 ct
386 772 1012 847 m·rvrmsu·ersmornrlcsn·

105 879 149 927 Hs
165 893 173 909 ·
187 880 216 927 0.

149 963 255 1040 (Gaius
272 1033 273 1036 Ἴ
288 963 413 1040 Plinius,
456 964 531 1028 Luci
565 965 654 1039 filius,
691 965 856 1027 Oufentina
894 965 1011 1046 (tribu),

106 1059 254 1125 Ooecilius
295 1061 458 1139 Secundus,
501 1063 613 1138 consul,
649 1084 755 1146 augur,
798 1063 917 1145 legatus
958 1083 1013 1143 pro

104 1167 243 1241 praetore
270 1160 442 1241 prouinciae
469 1160 561 1222 Ponti
591 1170 623 1222 et
657 1161 828 1241 Bithyniae,
864 1161 1013 1222 consulari

105 1265 257 1340 potestate
284 1259 316 1318 in
344 1279 410 1319 eam
437 1260 624 1338 prouinciam
652 1279 691 1320 ex
718 1267 841 1320 senatus
874 1257 1013 1320 consulto

104 1355 214 1418 missum
223 1355 264 1417 ab
274 1355 454 1436 imperatore
463 1356 590 1419 Caesare
601 1356 705 1418 Nerua
713 1356 851 1429 lisiano,
861 1356 1011 1438 Augusto,

105 1451 293 1527 Germanico,
309 1453 427 1528 Dacico,
443 1462 529 1536 patre
539 1455 663 1536 patriae,
676 1463 797 1517 curator
806 1453 885 1516 aluei
896 1453 1013 1516 Tiberis

105 1559 137 1612 et
163 1551 299 1632 riparum
326 1559 358 1613 et
391 1552 558 1614 cloacarum
593 1553 683 1626 urbis,
713 1553 882 1635 praefectus
916 1553 1013 1614 aerari

105 1647 238 1724 Saturni,
253 1649 424 1729 praefectus
437 1651 535 1712 aerari
554 1651 702 1724 militaris,
722 1659 852 1732 praetor,
870 1651 1011 1713 tribunus

105 1745 210 1828 plebis,
233 1756 376 1828 quaestor
395 1748 593 1829 imperatoris,
617 1749 698 1810 seuir·
718 1749 856 1828 equitum
883 1749 1012 1809 Roman·

104 1865 199 1920 onum,
230 1845 371 1906 tribunus
403 1845 534 1907 militum
566 1845 692 1926 legionis
726 1847 835 1908 tertiae
869 1846 1010 1920 Gallicae,

104 1943 259 2007 decemuir
277 1943 411 2005 stlitibus
428 1943 605 2018 iudicandis,
629 1946 762 2008 thermas
782 1966 821 2006 ex
839 1945 1012 2007 sestertium

105 2085 298 2116 .......
319 2040 445 2105 adiectis
466 2043 498 2102 in
518 2051 659 2104 ornatum
677 2044 851 2105 sestertium
869 2043 1013 2105 trecentis

105 2138 228 2202 milibus
246 2147 279 2202 et
295 2185 435 2202 ......
454 2148 486 2202 et
504 2161 540 2202 eo
558 2142 686 2221 amplius
707 2142 739 2202 in
760 2141 888 2202 tutelam
909 2151 1013 2203 sester-

105 2238 183 2299 tium
196 2236 338 2299 ducentis
354 2239 482 2312 milibus,
499 2248 681 2301 testamento
697 2239 762 2300 fieri
779 2239 875 2313 iussit,
890 2239 964 2300 item
978 2240 1013 2300 in

104 2336 250 2398 alimenta
264 2334 441 2409 libertorum
461 2357 584 2399 suorum
600 2338 757 2398 hominum
772 2346 893 2399 centum
907 2348 1013 2400 sester-

109 2435 187 2495 tium
208 2432 423 2512 duodeuiciens
451 2443 577 2497 centena
605 2444 637 2495 et
664 2435 823 2517 sexaginta
849 2436 1013 2498 sexmilia

105 2553 175 2594 cum
188 2533 338 2594 sexcentis
366 2533 524 2615 sexaginta
551 2554 604 2595 sex
638 2535 682 2595 rei
717 2534 854 2613 publicae
887 2535 1011 2617 legauit,

105 2651 236 2711 quorum
249 2630 434 2693 incrementa
453 2640 558 2712 postea
576 2632 615 2693 ed
635 2631 757 2712 epulum
771 2632 867 2712 plebis
881 2632 1014 2694 urbanae

105 2728 206 2792 uoluit
226 2729 378 2811 pertinere
400 2775 407 2791 .
430 2776 437 2791 .
461 2776 468 2790 .
491 2777 498 2792 .
521 2730 595 2791 item
614 2730 703 2791 uiuus
717 2729 805 2791 dedit
823 2730 856 2790 in
869 2729 1013 2791 alimenta

104 2846 268 2907 puerorum
296 2834 328 2889 ct
355 2827 522 2908 puellarum
550 2827 646 2908 plebis
673 2827 805 2889 urbanae
840 2828 1013 2889 sestertium

105 2920 274 3007 quingenta
294 2924 385 3000 milis,
408 2927 482 2987 item
503 2925 735 3006 bybliothecam,
766 2933 797 2987 et
825 2926 857 2987 in
885 2925 1014 2987 tutelam
1079 2940 1081 2943 ’

103 3022 317 3105 bybliothecae
331 3025 505 3086 sestertium
519 3032 641 3085 eentum
654 3024 761 3104 milia.)

145 3122 179 3183 A
197 3121 258 3182 lew
278 3122 377 3183 words
398 3131 480 3183 must
496 3122 596 3183 suffice
615 3122 646 3182 in
661 3123 722 3182 this
736 3121 821 3201 place
834 3121 1015 3204 concerning

104 3220 160 3284 the
183 3235 255 3282 uss,
279 3219 311 3282 ol
335 3219 448 3300 Pliny's
477 3219 622 3302 writings.
676 3218 735 3283 His
755 3219 860 3286 works
879 3231 969 3285 must
982 3220 1032 3284 *ne

104 3317 282 3382 considered
297 3318 330 3377 in
352 3318 435 3380 three
455 3318 680 3402 detsclrments‚
705 3324 763 3392 the
788 3342 848 3393 us.
874 3316 1048 3408 authority
