2250 3698
135 215 190 273 18.
208 216 308 280 (Π.12)
381 216 581 269 EPISTVLAE
604 216 794 271 SELECTAE.
1009 220 1043 271 33

135 363 218 424 Mari
235 363 337 437 Prisci,
354 364 406 443 qui
424 364 591 444 permixtus
609 385 714 428 causac
733 365 867 446 grauiter
884 366 1043 427 uehemen-

134 471 244 542 terque
267 470 395 524 uexatus
420 470 473 523 est.
517 484 587 523 nam
609 471 641 523 et
658 463 825 524 rationibus
845 463 991 525 Marciani
1010 473 1042 525 et

135 581 273 622 sermone
293 558 383 640 quem
404 561 455 622 ille
476 561 623 623 habuerat
641 562 674 621 in
691 561 796 630 ordine
809 561 1041 641 Leptitanorum

134 679 259 739 operam
286 679 371 718 suam
398 658 500 719 Prisco
531 658 571 719 ad
602 659 810 738 turpissimum
841 659 1041 720 ministerium

106 773 121 826 5
135 755 346 829 commodasse,
363 756 584 836 stipulatusque
598 755 636 817 de
652 755 806 816 Marciano
820 757 1041 837 quinquaginta

134 854 221 916 milia
234 853 424 915 denariorum
438 853 630 933 probabatur,
647 854 710 933 ipse
725 862 880 934 praeterea
894 854 1041 935 accepisse

135 951 276 1012 sestertia
309 950 412 1011 decem
446 951 537 1025 milia,
575 951 747 1011 foedissimo
782 950 905 1029 quidem
939 951 1038 1025 titulo,

137 1048 276 1132 {nomine
304 1048 516 1129 unguentarii,’
551 1049 603 1127 qui
636 1048 745 1109 titulus
772 1069 790 1108 a
819 1049 885 1108 uita
912 1049 1041 1109 hominis

134 1147 249 1226 compti
268 1166 385 1226 semper
403 1156 436 1206 et
452 1146 596 1226 pumicati
615 1166 676 1206 non
695 1146 885 1206 abhorrebat.
928 1146 1042 1226 placuit
1054 1147 1088 1205 24

92 1269 121 1308 ιο
134 1251 276 1306 censente
300 1242 434 1304 Cornuto
448 1244 553 1305 referri
567 1242 605 1304 dc
620 1263 656 1305 eo
670 1243 808 1323 proximo
823 1251 947 1304 senatu:
969 1251 1042 1304 tunc

134 1343 225 1415 enim,
241 1362 311 1401 casu
324 1362 363 1401 an
378 1341 567 1416 conscientia,
584 1341 711 1401 afuerat.

176 1438 280 1500 Habes
293 1456 343 1499 res
360 1438 508 1514 urbanas,
529 1439 561 1498 in
578 1439 674 1499 uicem
688 1438 815 1498 rusticas
834 1437 946 1498 scribe:
968 1437 1088 1517 quidet

133 1537 310 1599 arbusculae
324 1545 403 1610 tuae,
419 1537 493 1615 quid
507 1537 620 1611 uineae,
634 1535 708 1615 quid
722 1544 838 1616 segetes
851 1544 955 1616 agunt,
968 1536 1042 1615 quid

133 1657 207 1698 oues
229 1635 479 1696 delicatissimaei
519 1636 551 1695 in
573 1656 698 1710 summa,
720 1635 778 1694 nisi
802 1655 897 1714 aeque
919 1635 1042 1715 longam

91 1754 120 1808 ις
134 1734 296 1815 epistulam
315 1732 425 1807 reddis,
449 1740 579 1793 nonest
607 1732 688 1811 quod
715 1740 820 1812 postea
848 1733 906 1792 nisi
930 1732 1042 1793 breuis

134 1834 242 1894 simam
256 1840 417 1912 exspectes.
461 1830 536 1891 nale.

484 2123 535 2181 18.
570 2124 616 2187 (II.
639 2125 691 2187 12.)

331 2258 361 2312 0.
381 2257 529 2310 PLINIVS
546 2255 715 2307 ARRIANO
733 2255 801 2308 SVO
819 2256 845 2308 S.

176 2393 354 2474 Λιτούργιον
371 2391 447 2453 illud
465 2391 547 2471 quod
565 2410 718 2470 superesse
734 2389 813 2450 Mari
828 2390 922 2452 Prisci
936 2411 1041 2452 causae
1072 2393 1087 2450 1

91 2520 123 2558 20
135 2494 273 2575 proxime
305 2492 487 2570 scripseram,
517 2489 616 2550 nescio
651 2509 689 2548 an
721 2489 802 2562 satis,
836 2489 1042 2550 circumcisum

137 2602 239 2653 tamen
254 2598 286 2651 et
299 2589 439 2650 adrasum
453 2596 506 2648 cst.
536 2586 688 2647 Firminus
702 2585 844 2647 inductus
858 2587 889 2646 in
905 2594 1042 2646 senatum
1071 2588 1088 2644 2

135 2689 293 2771 respondit
314 2687 432 2748 crimini
454 2693 534 2746 noto.
580 2693 699 2746 secutae
724 2693 796 2745 sunt
820 2684 957 2745 diuersae
980 2704 1043 2744 sen-

135 2788 251 2850 tentiae
273 2785 429 2846 consulum
450 2783 693 2864 designatorum:
717 2781 870 2844 Cornutus
890 2781 1043 2842 Tertullus

135 2886 254 2948 censuit
265 2884 369 2945 ordine
383 2882 574 2956 mouendum,
587 2882 714 2942 Acutius
726 2880 829 2941 Nerua
839 2881 871 2940 in
886 2880 1043 2942 sortitione

136 3065 153 3121 7
170 3063 322 3115 sestertium
334 3062 476 3112 Mommsen
510 3063 538 3110 ll
557 3077 619 3111 casu
631 3060 760 3111 incertum
773 3075 806 3109 an
817 3064 871 3110 l’ou

172 3153 212 3196 ιο
236 3147 267 3196 19
287 3146 465 3194 ΛΙΤΟΤΓΙΟΝ
478 3148 497 3193 P
511 3145 708 3193 mnorPnoN
723 3145 778 3201 MV,
797 3157 844 3191 om.
861 3141 889 3190 irs
903 3138 979 3190 blank
993 3139 1045 3200 (but

137 3229 204 3280 laur
215 3229 239 3279 h.
251 3231 391 3292 ειτούργιον,
405 3226 460 3276 aad
473 3241 547 3289 space
562 3225 607 3289 lest
614 3225 664 3290 sor
677 3222 765 3275 actitat
779 3223 803 3274 b
815 3224 843 3288 ol
854 3235 893 3276 ou
899 3224 1057 3288 bearobpqtoo

137 3324 156 3360 a
184 3311 215 3359 21
232 3309 353 3360 onmem
363 3312 446 3360 moa
456 3307 583 3361 abrasum
594 3313 636 3364 Pu

579 3407 601 3452 ⁰
