2250 3698
135 230 189 291 aa
207 231 306 296 (1.1)
382 231 584 283 1111111111
607 232 797 286 suaseram
1010 235 1044 289 rs

176 377 247 440 Non
268 398 390 459 possum
408 379 577 458 exprimere
590 379 691 440 uerbis
705 390 852 458 quantum
866 380 966 441 animo
980 380 1044 441 uul-
1070 384 1090 442 ’1

135 498 193 538 nus
206 478 381 558 acceperim,
390 497 459 537 cum
469 476 575 538 audiui
588 477 770 538 Fundanum
780 479 886 558 ipsum,
898 487 933 538 nt
947 478 1043 540 multa

135 577 273 637 luctuosa
286 575 373 636 dolor
386 575 513 647 inuenit,
529 576 770 655 praecipientem,
786 577 868 654 quod
887 577 920 636 in
934 585 1041 651 uestes,

135 674 307 754 margarita,
329 693 463 754 gemmas
484 673 584 733 fuerat
605 683 791 754 erogaturus,
812 674 868 734 hoo
888 674 920 734 in
941 682 991 735 tus
1012 683 1044 735 et

108 780 293 852 sunguente
316 779 348 832 et
372 770 478 831 odores
503 770 737 850 impenderetur.
781 780 827 832 est
849 771 971 850 quidem
992 772 1043 833 ille
1072 774 1090 831 8

136 869 274 931 eruditus
288 877 320 929 et
334 869 460 948 sapiens,
473 877 509 929 ut
525 869 577 948 qui
591 889 622 930 se
636 869 675 929 ab
689 870 813 930 ineunte
824 877 923 931 aetate
933 870 1044 930 altiori-

135 969 193 1028 bus
208 967 316 1029 studiis
330 967 505 1045 artibusque
520 967 679 1041 dediderit,
692 969 745 1029 sed
759 989 839 1029 nunc
853 970 953 1028 omnia
967 989 1008 1047 qu
1026 989 1043 1029 1

136 1067 235 1128 audiit
249 1086 344 1146 saepe,
358 1086 435 1144 quae
446 1066 533 1141 dixit,
546 1076 731 1147 aspernetur,
745 1067 936 1147 expulsisque
951 1069 1044 1127 uirtu-

138 1166 220 1227 tibus
234 1165 300 1226 aliis
314 1165 436 1244 pietatis
451 1172 497 1224 est
512 1173 603 1225 totus.
636 1166 777 1246 ignosces,
792 1165 929 1225 laudabis
943 1166 1042 1238 etiam,
1074 1172 1091 1230 9

95 1285 126 1323 1ο
138 1265 164 1325 si
178 1263 357 1344 cogitaueris
374 1261 448 1341 quid
469 1263 611 1323 amiserit.
654 1263 754 1323 amisit
769 1263 848 1323 enim
862 1262 954 1322 filiam
969 1282 1045 1340 quae

138 1381 199 1422 non
213 1361 312 1420 minus
333 1379 431 1420 mores
453 1360 517 1419 eius
538 1379 628 1438 quam
645 1379 678 1420 os
693 1360 872 1440 uultumque
886 1360 1043 1435 referebat,

139 1467 298 1536 totumque
333 1465 450 1537 patrem
489 1458 565 1518 mira
603 1458 800 1519 similitudine
838 1459 1042 1539 exscripserat.

139 1556 264 1636 proinde
279 1556 304 1615 si
321 1575 396 1634 quas
411 1555 450 1615 ad
472 1575 540 1616 eum
561 1555 599 1616 de
620 1556 722 1618 dolore
743 1565 806 1617 tam
827 1558 908 1618 iusto
929 1557 1046 1618 litteras
1059 1562 1092 1620 10

139 1657 250 1729 mittes,
266 1662 418 1715 memento
439 1654 582 1715 adhibere
603 1655 753 1730 solacium,
774 1675 834 1716 non
856 1656 941 1734 qussi
962 1656 1047 1716 casti-

97 1770 127 1826 15
139 1755 291 1835 guterium
303 1763 334 1814 et
348 1753 437 1813 nimis
450 1752 537 1826 forte,
549 1753 602 1814 sed
612 1754 702 1815 molle
713 1762 744 1815 et
754 1754 928 1815 humanum.
965 1754 1047 1832 quod

140 1861 176 1912 ut
200 1852 317 1912 facilius
341 1852 494 1925 admittat,
520 1852 650 1913 multum
674 1853 764 1915 faciet
788 1853 880 1914 medii
903 1854 1047 1933 temporis

140 1951 280 2030 spatium.
323 1960 359 2011 ut
373 1952 453 2012 enim
468 1950 594 2012 crudum
611 1950 709 2011 adhuc
730 1950 840 2011 uulnus
861 1950 1048 2012 medentium
1061 1952 1093 2009 11

140 2069 247 2109 manus
261 2049 444 2123 reformidat,
457 2049 567 2110 deinde
582 2049 698 2128 patitur
711 2057 803 2127 atque
817 2049 898 2109 ultro
911 2050 1046 2128 requirit,

141 2147 183 2207 sic
199 2167 301 2208 recens
318 2148 410 2207 animi
427 2147 513 2208 dolor
534 2146 751 2207 consolationes
768 2146 855 2206 reicit
872 2166 907 2206 ac
925 2147 1046 2228 refugit,

95 2267 129 2306 20
141 2264 213 2304 mox
227 2244 378 2306 desiderat
394 2255 425 2306 et
439 2245 602 2306 clementer
616 2244 746 2306 admotis
760 2243 934 2324 adquiescit.
971 2245 1046 2306 uale.

444 2456 481 2479 θ
495 2441 547 2497 4⁰.
583 2441 627 2503 (V.
644 2443 682 2492 19.

250 2538 279 2590 0.
300 2539 447 2592 PLINIVS
465 2541 627 2593 VALERIO
645 2445 808 2593 PdVLINO
825 2541 893 2594 SVO
910 2541 936 2593 S.

183 2636 280 2699 Video
302 2659 392 2718 quam
413 2640 544 2701 molliter
565 2650 634 2702 tuos
656 2641 783 2701 habeas:
806 2660 866 2718 quo
885 2640 1048 2721 simplicius
1077 2640 1093 2698 1

142 2734 199 2795 tibi
226 2736 391 2797 confitebor
418 2757 477 2816 qua
504 2739 694 2820 indulgentia
718 2758 800 2803 meos
824 2746 959 2800 tractem.
1003 2749 1049 2801 est
1077 2743 1094 2802 2

97 2851 129 2905 25
142 2832 216 2892 mihi
230 2853 347 2913 semper
360 2835 392 2894 in
406 2827 507 2896 animo
521 2845 552 2896 et
567 2837 761 2898 Homericum
776 2837 852 2898 illud
867 2835 962 2916 πατὴρ
976 2837 999 2896 δ’
1014 2838 1049 2902 ὣς

142 2929 226 3007 ἤπιος
247 2931 302 3008 ἦεν,
322 2939 353 2992 11
374 2932 430 2993 hoe
451 2941 587 2994 nostrum
607 2943 709 3015 ‘pater
729 2935 880 2997 familiae!
921 2939 1002 3017 quod
1023 2938 1048 2999 si

143 3047 237 3089 essem
259 3038 367 3089 natura
387 3031 519 3111 asperior
540 3041 572 3093 et
585 3033 696 3106 durior,
712 3034 865 3116 frangeret
884 3057 932 3097 me
946 3045 1048 3098 tamen

142 3125 301 3188 infirmitas
315 3128 416 3189 liberti
433 3129 492 3189 mei
507 3129 626 3204 Zosimi,
642 3133 689 3192 cui
704 3141 791 3193 tento
805 3134 900 3195 maior
914 3133 1048 3193 humani·

142 3255 159 3304 4
178 3256 321 3321 margarite
340 3261 366 3306 Μ
385 3259 541 3322 margaritas
560 3271 612 3310 oua
630 3263 675 3310 tus
694 3263 724 3312 11
741 3264 878 3328 unguenta
893 3264 920 3311 H
939 3264 1001 3312 turs
1019 3264 1049 3312 11

142 3337 277 3399 unguenta
288 3347 306 3384 a
316 3339 377 3385 turs
388 3339 417 3385 11
427 3335 455 3385 iu
467 3339 602 3400 unguenta
612 3349 648 3390 ou
