<?xml version="1.0" encoding="UTF-8"?>
<!DOCTYPE html PUBLIC "-//W3C//DTD XHTML 1.0 Transitional//EN"
    "http://www.w3.org/TR/xhtml1/DTD/xhtml1-transitional.dtd">
<html xmlns="http://www.w3.org/1999/xhtml" xml:lang="en" lang="en">
 <head>
  <title>
</title>
<meta http-equiv="Content-Type" content="text/html;charset=utf-8" />
  <meta name='ocr-system' content='tesseract 3.04.00' />
  <meta name='ocr-capabilities' content='ocr_page ocr_carea ocr_par ocr_line ocrx_word'/>
</head>
<body>
  <div class='ocr_page' id='page_1' title='image "./selectedletters02merrgoog_0090.png"; bbox 0 0 2250 3698; ppageno 0'>
   <div class='ocr_carea' id='block_1_1' title="bbox 149 207 1061 278">
    <p class='ocr_par' dir='ltr' id='par_1_1' title="bbox 149 207 1061 278">
     <span class='ocr_line' id='line_1_1' title="bbox 149 207 1061 278; baseline 0.002 -11"><span class='ocrx_word' id='word_1_1' title='bbox 149 207 204 274; x_wconf 79' lang='grc'>17.</span> <span class='ocrx_word' id='word_1_2' title='bbox 223 215 271 278; x_wconf 89' lang='grc' dir='ltr'>(Π.</span> <span class='ocrx_word' id='word_1_3' title='bbox 284 218 324 278; x_wconf 91' lang='lat' dir='ltr'>ll)</span> <span class='ocrx_word' id='word_1_4' title='bbox 399 215 600 268; x_wconf 77' lang='lat' dir='ltr'><strong>EPISTVLAE</strong></span> <span class='ocrx_word' id='word_1_5' title='bbox 622 214 814 268; x_wconf 77' lang='lat' dir='ltr'><strong>SELEOE&#39;AE.</strong></span> <span class='ocrx_word' id='word_1_6' title='bbox 1026 217 1061 269; x_wconf 72' lang='lat'>20</span> 
     </span>
    </p>
   </div>
   <div class='ocr_carea' id='block_1_2' title="bbox 95 362 1114 3090">
    <p class='ocr_par' dir='ltr' id='par_1_2' title="bbox 146 362 1087 718">
     <span class='ocr_line' id='line_1_2' title="bbox 192 362 1087 443; baseline 0.001 -20"><span class='ocrx_word' id='word_1_7' title='bbox 192 362 308 423; x_wconf 89' lang='lat' dir='ltr'>Marius</span> <span class='ocrx_word' id='word_1_8' title='bbox 324 362 445 423; x_wconf 78' lang='lat' dir='ltr'><strong>Priscus</strong></span> <span class='ocrx_word' id='word_1_9' title='bbox 459 363 667 423; x_wconf 68' lang='lat' dir='ltr'>accusantibus</span> <span class='ocrx_word' id='word_1_10' title='bbox 687 363 779 437; x_wconf 76' lang='lat' dir='ltr'>Afris,</span> <span class='ocrx_word' id='word_1_11' title='bbox 795 363 904 442; x_wconf 90' lang='lat' dir='ltr'>quibus</span> <span class='ocrx_word' id='word_1_12' title='bbox 922 381 978 443; x_wconf 91' lang='lat' dir='ltr'>pro</span> <span class='ocrx_word' id='word_1_13' title='bbox 991 373 1087 431; x_wconf 86' lang='lat' dir='ltr'>oon-2</span> 
     </span>
     <span class='ocr_line' id='line_1_3' title="bbox 147 459 1057 542; baseline 0.003 -22"><span class='ocrx_word' id='word_1_14' title='bbox 147 459 214 522; x_wconf 90' lang='lat' dir='ltr'>sule</span> <span class='ocrx_word' id='word_1_15' title='bbox 229 460 368 540; x_wconf 79' lang='lat' dir='ltr'>praefuit,</span> <span class='ocrx_word' id='word_1_16' title='bbox 381 460 490 520; x_wconf 88' lang='lat' dir='ltr'>omissa</span> <span class='ocrx_word' id='word_1_17' title='bbox 500 459 673 521; x_wconf 85' lang='lat' dir='ltr'>defensioue</span> <span class='ocrx_word' id='word_1_18' title='bbox 687 460 800 521; x_wconf 88' lang='lat' dir='ltr'>iudices</span> <span class='ocrx_word' id='word_1_19' title='bbox 813 461 912 541; x_wconf 92' lang='lat' dir='ltr'>petiit.</span> <span class='ocrx_word' id='word_1_20' title='bbox 955 481 1011 542; x_wconf 85' lang='lat' dir='ltr'>ego</span> <span class='ocrx_word' id='word_1_21' title='bbox 1025 469 1057 523; x_wconf 90' lang='lat' dir='ltr'>et</span> 
     </span>
     <span class='ocr_line' id='line_1_4' title="bbox 147 557 1056 638; baseline 0.001 -18"><span class='ocrx_word' id='word_1_22' title='bbox 147 557 307 620; x_wconf 81' lang='lat' dir='ltr'>Cornelius</span> <span class='ocrx_word' id='word_1_23' title='bbox 334 559 464 632; x_wconf 76' lang='lat' dir='ltr'>Tacitus,</span> <span class='ocrx_word' id='word_1_24' title='bbox 494 558 597 620; x_wconf 85' lang='lat' dir='ltr'>adessa</span> <span class='ocrx_word' id='word_1_25' title='bbox 624 559 859 638; x_wconf 83' lang='lat' dir='ltr'>prouincialibus</span> <span class='ocrx_word' id='word_1_26' title='bbox 886 559 967 633; x_wconf 91' lang='lat' dir='ltr'>iussi,</span> <span class='ocrx_word' id='word_1_27' title='bbox 997 560 1056 621; x_wconf 85' lang='lat' dir='ltr'>exi-</span> 
     </span>
     <span class='ocr_line' id='line_1_5' title="bbox 146 655 1055 718; baseline 0.002 -2"><span class='ocrx_word' id='word_1_28' title='bbox 146 655 338 717; x_wconf 87' lang='lat' dir='ltr'>stimauimus</span> <span class='ocrx_word' id='word_1_29' title='bbox 365 656 436 717; x_wconf 88' lang='lat' dir='ltr'>fidei</span> <span class='ocrx_word' id='word_1_30' title='bbox 463 665 583 717; x_wconf 89' lang='lat' dir='ltr'>nostrae</span> <span class='ocrx_word' id='word_1_31' title='bbox 611 657 772 717; x_wconf 88' lang='lat' dir='ltr'>conuenire</span> <span class='ocrx_word' id='word_1_32' title='bbox 802 664 909 717; x_wconf 92' lang='lat' dir='ltr'>notum</span> <span class='ocrx_word' id='word_1_33' title='bbox 936 658 1055 718; x_wconf 88' lang='lat' dir='ltr'>senatui</span> 
     </span>
    </p>

    <p class='ocr_par' dir='ltr' id='par_1_3' title="bbox 102 753 1083 1225">
     <span class='ocr_line' id='line_1_6' title="bbox 102 753 1055 827; baseline 0.002 -13"><span class='ocrx_word' id='word_1_34' title='bbox 102 774 116 827; x_wconf 82' lang='lat'>5</span> <span class='ocrx_word' id='word_1_35' title='bbox 146 754 246 816; x_wconf 88' lang='lat' dir='ltr'>facere</span> <span class='ocrx_word' id='word_1_36' title='bbox 279 753 438 815; x_wconf 77' lang='lat' dir='ltr'>excessisse</span> <span class='ocrx_word' id='word_1_37' title='bbox 470 754 606 814; x_wconf 89' lang='lat' dir='ltr'>Priscum</span> <span class='ocrx_word' id='word_1_38' title='bbox 640 754 830 815; x_wconf 80' lang='lat' dir='ltr'>immanitate</span> <span class='ocrx_word' id='word_1_39' title='bbox 865 767 897 815; x_wconf 88' lang='lat' dir='ltr'>et</span> <span class='ocrx_word' id='word_1_40' title='bbox 928 755 1055 816; x_wconf 90' lang='lat' dir='ltr'>saeuitia</span> 
     </span>
     <span class='ocr_line' id='line_1_7' title="bbox 145 851 1053 931; baseline 0.001 -19"><span class='ocrx_word' id='word_1_41' title='bbox 145 852 273 912; x_wconf 84' lang='lat' dir='ltr'>crimina</span> <span class='ocrx_word' id='word_1_42' title='bbox 281 852 389 931; x_wconf 90' lang='lat' dir='ltr'>quibus</span> <span class='ocrx_word' id='word_1_43' title='bbox 403 851 469 912; x_wconf 85' lang='lat' dir='ltr'>dari</span> <span class='ocrx_word' id='word_1_44' title='bbox 483 851 595 912; x_wconf 86' lang='lat' dir='ltr'>iudices</span> <span class='ocrx_word' id='word_1_45' title='bbox 608 860 738 931; x_wconf 87' lang='lat' dir='ltr'>possent,</span> <span class='ocrx_word' id='word_1_46' title='bbox 751 872 819 912; x_wconf 87' lang='lat' dir='ltr'>oum</span> <span class='ocrx_word' id='word_1_47' title='bbox 830 852 869 912; x_wconf 94' lang='lat' dir='ltr'>ob</span> <span class='ocrx_word' id='word_1_48' title='bbox 879 852 1053 913; x_wconf 89' lang='lat' dir='ltr'>innoeentes</span> 
     </span>
     <span class='ocr_line' id='line_1_8' title="bbox 144 948 1053 1029; baseline 0.001 -20"><span class='ocrx_word' id='word_1_49' title='bbox 144 948 396 1022; x_wconf 89' lang='lat' dir='ltr'>condemnandos,</span> <span class='ocrx_word' id='word_1_50' title='bbox 425 948 646 1010; x_wconf 85' lang='lat' dir='ltr'>interficiendos</span> <span class='ocrx_word' id='word_1_51' title='bbox 678 950 777 1023; x_wconf 91' lang='lat' dir='ltr'>etiam,</span> <span class='ocrx_word' id='word_1_52' title='bbox 807 950 947 1029; x_wconf 84' lang='lat' dir='ltr'>pecunias</span> <span class='ocrx_word' id='word_1_53' title='bbox 975 970 1053 1011; x_wconf 84' lang='lat' dir='ltr'>acce</span> 
     </span>
     <span class='ocr_line' id='line_1_9' title="bbox 144 1044 1083 1127; baseline 0.002 -20"><span class='ocrx_word' id='word_1_54' title='bbox 144 1047 249 1127; x_wconf 90' lang='lat' dir='ltr'>pisset.</span> <span class='ocrx_word' id='word_1_55' title='bbox 287 1046 443 1126; x_wconf 89' lang='lat' dir='ltr'>respondit</span> <span class='ocrx_word' id='word_1_56' title='bbox 455 1044 570 1107; x_wconf 86' lang='lat' dir='ltr'>Fronto</span> <span class='ocrx_word' id='word_1_57' title='bbox 585 1045 689 1107; x_wconf 84' lang='lat' dir='ltr'>Catius</span> <span class='ocrx_word' id='word_1_58' title='bbox 703 1046 940 1127; x_wconf 89' lang='lat' dir='ltr'>deprecatusque</span> <span class='ocrx_word' id='word_1_59' title='bbox 955 1056 1001 1108; x_wconf 87' lang='lat' dir='ltr'>est</span> <span class='ocrx_word' id='word_1_60' title='bbox 1014 1068 1053 1109; x_wconf 90' lang='lat' dir='ltr'>ne</span> <span class='ocrx_word' id='word_1_61' title='bbox 1065 1061 1083 1118; x_wconf 85' lang='grc'><strong>3</strong></span> 
     </span>
     <span class='ocr_line' id='line_1_10' title="bbox 145 1144 1052 1225; baseline 0.002 -20"><span class='ocrx_word' id='word_1_62' title='bbox 145 1145 221 1224; x_wconf 90' lang='lat' dir='ltr'>quid</span> <span class='ocrx_word' id='word_1_63' title='bbox 235 1145 315 1205; x_wconf 91' lang='lat' dir='ltr'>ultra</span> <span class='ocrx_word' id='word_1_64' title='bbox 324 1144 559 1224; x_wconf 89' lang='lat' dir='ltr'>repetundarum</span> <span class='ocrx_word' id='word_1_65' title='bbox 570 1144 668 1224; x_wconf 88' lang='lat' dir='ltr'>legem</span> <span class='ocrx_word' id='word_1_66' title='bbox 678 1152 880 1223; x_wconf 84' lang='lat' dir='ltr'>quaereretur,</span> <span class='ocrx_word' id='word_1_67' title='bbox 893 1145 1052 1225; x_wconf 89' lang='lat' dir='ltr'>omniaque</span> 
     </span>
    </p>

    <p class='ocr_par' dir='ltr' id='par_1_4' title="bbox 102 1244 1114 1716">
     <span class='ocr_line' id='line_1_11' title="bbox 102 1244 1052 1319; baseline 0.007 -19"><span class='ocrx_word' id='word_1_68' title='bbox 102 1245 272 1306; x_wconf 88' lang='lat' dir='ltr'>roaotionis</span> <span class='ocrx_word' id='word_1_69' title='bbox 309 1266 380 1307; x_wconf 90' lang='lat' dir='ltr'>suae</span> <span class='ocrx_word' id='word_1_70' title='bbox 417 1244 493 1319; x_wconf 91' lang='lat' dir='ltr'>uela,</span> <span class='ocrx_word' id='word_1_71' title='bbox 523 1245 571 1305; x_wconf 92' lang='lat' dir='ltr'>uir</span> <span class='ocrx_word' id='word_1_72' title='bbox 608 1246 826 1306; x_wconf 89' lang='lat' dir='ltr'>mouendarum</span> <span class='ocrx_word' id='word_1_73' title='bbox 863 1246 1052 1307; x_wconf 86' lang='lat' dir='ltr'>lacrimarum</span> 
     </span>
     <span class='ocr_line' id='line_1_12' title="bbox 144 1342 1052 1423; baseline 0.001 -20"><span class='ocrx_word' id='word_1_74' title='bbox 144 1342 351 1423; x_wconf 84' lang='lat' dir='ltr'>peritissimus,</span> <span class='ocrx_word' id='word_1_75' title='bbox 367 1342 497 1422; x_wconf 87' lang='lat' dir='ltr'>quodam</span> <span class='ocrx_word' id='word_1_76' title='bbox 516 1342 602 1402; x_wconf 93' lang='lat' dir='ltr'>uelut</span> <span class='ocrx_word' id='word_1_77' title='bbox 619 1350 713 1403; x_wconf 93' lang='lat' dir='ltr'>uento</span> <span class='ocrx_word' id='word_1_78' title='bbox 734 1342 934 1403; x_wconf 88' lang='lat' dir='ltr'>miserationis</span> <span class='ocrx_word' id='word_1_79' title='bbox 951 1343 1052 1423; x_wconf 90' lang='lat' dir='ltr'>imple-</span> 
     </span>
     <span class='ocr_line' id='line_1_13' title="bbox 144 1440 1081 1522; baseline 0.004 -22"><span class='ocrx_word' id='word_1_80' title='bbox 144 1441 200 1500; x_wconf 89' lang='lat' dir='ltr'>uit.</span> <span class='ocrx_word' id='word_1_81' title='bbox 243 1461 351 1522; x_wconf 86' lang='lat' dir='ltr'>magna</span> <span class='ocrx_word' id='word_1_82' title='bbox 365 1441 526 1514; x_wconf 87' lang='lat' dir='ltr'>contentio,</span> <span class='ocrx_word' id='word_1_83' title='bbox 539 1440 641 1521; x_wconf 86' lang='lat' dir='ltr'>magni</span> <span class='ocrx_word' id='word_1_84' title='bbox 655 1440 808 1520; x_wconf 91' lang='lat' dir='ltr'>utrimque</span> <span class='ocrx_word' id='word_1_85' title='bbox 819 1440 969 1514; x_wconf 89' lang='lat' dir='ltr'>clamores,</span> <span class='ocrx_word' id='word_1_86' title='bbox 985 1441 1051 1502; x_wconf 90' lang='lat' dir='ltr'>aliis</span> <span class='ocrx_word' id='word_1_87' title='bbox 1063 1448 1081 1504; x_wconf 83' lang='lat'>4</span> 
     </span>
     <span class='ocr_line' id='line_1_14' title="bbox 143 1538 1050 1619; baseline 0.001 -20"><span class='ocrx_word' id='word_1_88' title='bbox 143 1539 346 1619; x_wconf 79' lang='lat' dir='ltr'>cogrutionem</span> <span class='ocrx_word' id='word_1_89' title='bbox 373 1550 494 1599; x_wconf 89' lang='lat' dir='ltr'>senatus</span> <span class='ocrx_word' id='word_1_90' title='bbox 531 1538 596 1618; x_wconf 84' lang='lat' dir='ltr'>lege</span> <span class='ocrx_word' id='word_1_91' title='bbox 624 1538 801 1612; x_wconf 86' lang='lat' dir='ltr'>conclusam,</span> <span class='ocrx_word' id='word_1_92' title='bbox 831 1538 898 1598; x_wconf 88' lang='lat' dir='ltr'>aliis</span> <span class='ocrx_word' id='word_1_93' title='bbox 925 1539 1050 1600; x_wconf 90' lang='lat' dir='ltr'>liberam</span> 
     </span>
     <span class='ocr_line' id='line_1_15' title="bbox 143 1627 1114 1716; baseline 0 -19"><span class='ocrx_word' id='word_1_94' title='bbox 143 1636 333 1716; x_wconf 88' lang='lat' dir='ltr'>solutamque</span> <span class='ocrx_word' id='word_1_95' title='bbox 356 1636 534 1710; x_wconf 89' lang='lat' dir='ltr'>dicentibus,</span> <span class='ocrx_word' id='word_1_96' title='bbox 557 1627 764 1716; x_wconf 87' lang='lat' dir='ltr'>quantumque</span> <span class='ocrx_word' id='word_1_97' title='bbox 787 1637 958 1697; x_wconf 88' lang='lat' dir='ltr'>admisisset</span> <span class='ocrx_word' id='word_1_98' title='bbox 981 1658 1050 1698; x_wconf 90' lang='lat' dir='ltr'>reus</span> <span class='ocrx_word' id='word_1_99' title='bbox 1110 1638 1114 1644; x_wconf 77' lang='grc'>’</span> 
     </span>
    </p>

    <p class='ocr_par' dir='ltr' id='par_1_5' title="bbox 100 1733 1080 2207">
     <span class='ocr_line' id='line_1_16' title="bbox 100 1733 1080 1816; baseline 0 -22"><span class='ocrx_word' id='word_1_100' title='bbox 100 1742 265 1801; x_wconf 68' lang='lat' dir='ltr'>astantum</span> <span class='ocrx_word' id='word_1_101' title='bbox 291 1734 514 1796; x_wconf 86' lang='lat' dir='ltr'>uindicandum.</span> <span class='ocrx_word' id='word_1_102' title='bbox 556 1734 718 1796; x_wconf 91' lang='lat' dir='ltr'>nouissime</span> <span class='ocrx_word' id='word_1_103' title='bbox 744 1733 847 1795; x_wconf 89' lang='lat' dir='ltr'>consul</span> <span class='ocrx_word' id='word_1_104' title='bbox 875 1734 1080 1816; x_wconf 83' lang='lat' dir='ltr'>designatus5</span> 
     </span>
     <span class='ocr_line' id='line_1_17' title="bbox 144 1831 1050 1912; baseline 0.002 -20"><span class='ocrx_word' id='word_1_105' title='bbox 144 1831 240 1892; x_wconf 93' lang='lat' dir='ltr'>Iulius</span> <span class='ocrx_word' id='word_1_106' title='bbox 267 1831 372 1907; x_wconf 84' lang='lat' dir='ltr'>Ferox,</span> <span class='ocrx_word' id='word_1_107' title='bbox 397 1833 445 1893; x_wconf 88' lang='lat' dir='ltr'>uir</span> <span class='ocrx_word' id='word_1_108' title='bbox 468 1840 568 1893; x_wconf 85' lang='lat' dir='ltr'>rectus</span> <span class='ocrx_word' id='word_1_109' title='bbox 593 1842 625 1894; x_wconf 92' lang='lat' dir='ltr'>et</span> <span class='ocrx_word' id='word_1_110' title='bbox 649 1841 778 1908; x_wconf 88' lang='lat' dir='ltr'>sanetus,</span> <span class='ocrx_word' id='word_1_111' title='bbox 804 1832 902 1893; x_wconf 84' lang='lat' dir='ltr'>Mario</span> <span class='ocrx_word' id='word_1_112' title='bbox 927 1833 1050 1912; x_wconf 92' lang='lat' dir='ltr'>quidem</span> 
     </span>
     <span class='ocr_line' id='line_1_18' title="bbox 142 1931 1049 2005; baseline 0.002 -15"><span class='ocrx_word' id='word_1_113' title='bbox 142 1931 257 1993; x_wconf 89' lang='lat' dir='ltr'>iudices</span> <span class='ocrx_word' id='word_1_114' title='bbox 291 1932 413 1992; x_wconf 87' lang='lat' dir='ltr'>iuterim</span> <span class='ocrx_word' id='word_1_115' title='bbox 448 1932 564 1992; x_wconf 84' lang='lat' dir='ltr'>censuit</span> <span class='ocrx_word' id='word_1_116' title='bbox 591 1932 713 2005; x_wconf 86' lang='lat' dir='ltr'>dandos,</span> <span class='ocrx_word' id='word_1_117' title='bbox 744 1931 911 1992; x_wconf 84' lang='lat' dir='ltr'>euocandos</span> <span class='ocrx_word' id='word_1_118' title='bbox 947 1940 1049 1992; x_wconf 89' lang='lat' dir='ltr'>autem</span> 
     </span>
     <span class='ocr_line' id='line_1_19' title="bbox 143 2028 1079 2110; baseline 0 -21"><span class='ocrx_word' id='word_1_119' title='bbox 143 2030 253 2109; x_wconf 90' lang='lat' dir='ltr'>quibus</span> <span class='ocrx_word' id='word_1_120' title='bbox 263 2029 628 2091; x_wconf 87' lang='lat' dir='ltr'>dicereturiuuooentium</span> <span class='ocrx_word' id='word_1_121' title='bbox 638 2050 749 2110; x_wconf 88' lang='lat' dir='ltr'>poenas</span> <span class='ocrx_word' id='word_1_122' title='bbox 760 2028 940 2090; x_wconf 87' lang='lat' dir='ltr'>uendidisse.</span> <span class='ocrx_word' id='word_1_123' title='bbox 973 2041 1079 2108; x_wconf 72' lang='lat' dir='ltr'>quaen</span> 
     </span>
     <span class='ocr_line' id='line_1_20' title="bbox 143 2126 1049 2207; baseline 0 -20"><span class='ocrx_word' id='word_1_124' title='bbox 143 2128 293 2188; x_wconf 88' lang='lat' dir='ltr'>sententia</span> <span class='ocrx_word' id='word_1_125' title='bbox 303 2149 364 2188; x_wconf 92' lang='lat' dir='ltr'>uon</span> <span class='ocrx_word' id='word_1_126' title='bbox 378 2127 546 2207; x_wconf 89' lang='lat' dir='ltr'>praeualuit</span> <span class='ocrx_word' id='word_1_127' title='bbox 557 2126 654 2200; x_wconf 91' lang='lat' dir='ltr'>modo,</span> <span class='ocrx_word' id='word_1_128' title='bbox 668 2126 721 2188; x_wconf 92' lang='lat' dir='ltr'>sed</span> <span class='ocrx_word' id='word_1_129' title='bbox 735 2127 857 2186; x_wconf 91' lang='lat' dir='ltr'>omnino</span> <span class='ocrx_word' id='word_1_130' title='bbox 871 2136 940 2207; x_wconf 90' lang='lat' dir='ltr'>post</span> <span class='ocrx_word' id='word_1_131' title='bbox 948 2135 1049 2188; x_wconf 89' lang='lat' dir='ltr'>tantas</span> 
     </span>
    </p>

    <p class='ocr_par' dir='ltr' id='par_1_6' title="bbox 99 2224 1076 2698">
     <span class='ocr_line' id='line_1_21' title="bbox 99 2224 1049 2306; baseline 0.006 -25"><span class='ocrx_word' id='word_1_132' title='bbox 99 2244 130 2281; x_wconf 78' lang='lat' dir='ltr'>ao</span> <span class='ocrx_word' id='word_1_133' title='bbox 142 2224 340 2286; x_wconf 89' lang='lat' dir='ltr'>dissensiones</span> <span class='ocrx_word' id='word_1_134' title='bbox 361 2226 421 2286; x_wconf 86' lang='lat' dir='ltr'>luit</span> <span class='ocrx_word' id='word_1_135' title='bbox 435 2226 498 2286; x_wconf 91' lang='lat' dir='ltr'>sola</span> <span class='ocrx_word' id='word_1_136' title='bbox 516 2226 665 2305; x_wconf 83' lang='lat' dir='ltr'>frequens,</span> <span class='ocrx_word' id='word_1_137' title='bbox 682 2224 921 2304; x_wconf 86' lang='lat' dir='ltr'>adnotatumque</span> <span class='ocrx_word' id='word_1_138' title='bbox 936 2227 1049 2306; x_wconf 87' lang='lat' dir='ltr'>experi-</span> 
     </span>
     <span class='ocr_line' id='line_1_22' title="bbox 142 2323 1048 2404; baseline 0.002 -20"><span class='ocrx_word' id='word_1_139' title='bbox 142 2324 253 2385; x_wconf 88' lang='lat' dir='ltr'>mentis</span> <span class='ocrx_word' id='word_1_140' title='bbox 263 2324 344 2404; x_wconf 93' lang='lat' dir='ltr'>quod</span> <span class='ocrx_word' id='word_1_141' title='bbox 357 2325 444 2386; x_wconf 83' lang='lat' dir='ltr'>fauor</span> <span class='ocrx_word' id='word_1_142' title='bbox 458 2333 489 2385; x_wconf 90' lang='lat' dir='ltr'>et</span> <span class='ocrx_word' id='word_1_143' title='bbox 503 2323 705 2385; x_wconf 88' lang='lat' dir='ltr'>misericordia</span> <span class='ocrx_word' id='word_1_144' title='bbox 713 2343 794 2385; x_wconf 88' lang='lat' dir='ltr'>acres</span> <span class='ocrx_word' id='word_1_145' title='bbox 809 2332 840 2384; x_wconf 90' lang='lat' dir='ltr'>et</span> <span class='ocrx_word' id='word_1_146' title='bbox 854 2323 1048 2386; x_wconf 85' lang='lat' dir='ltr'>uehementes</span> 
     </span>
     <span class='ocr_line' id='line_1_23' title="bbox 141 2421 1047 2503; baseline 0.003 -22"><span class='ocrx_word' id='word_1_147' title='bbox 141 2421 254 2502; x_wconf 86' lang='lat' dir='ltr'>primos</span> <span class='ocrx_word' id='word_1_148' title='bbox 276 2423 405 2503; x_wconf 86' lang='lat' dir='ltr'>impetus</span> <span class='ocrx_word' id='word_1_149' title='bbox 427 2423 548 2495; x_wconf 89' lang='lat' dir='ltr'>habent,</span> <span class='ocrx_word' id='word_1_150' title='bbox 564 2422 710 2502; x_wconf 90' lang='lat' dir='ltr'>paulatim</span> <span class='ocrx_word' id='word_1_151' title='bbox 732 2422 855 2483; x_wconf 87' lang='lat' dir='ltr'>oonsilio</span> <span class='ocrx_word' id='word_1_152' title='bbox 877 2432 909 2484; x_wconf 91' lang='lat' dir='ltr'>et</span> <span class='ocrx_word' id='word_1_153' title='bbox 931 2423 1047 2484; x_wconf 87' lang='lat' dir='ltr'>ratione</span> 
     </span>
     <span class='ocr_line' id='line_1_24' title="bbox 141 2519 1076 2600; baseline 0.004 -21"><span class='ocrx_word' id='word_1_154' title='bbox 141 2520 227 2599; x_wconf 88' lang='lat' dir='ltr'>quasi</span> <span class='ocrx_word' id='word_1_155' title='bbox 241 2521 385 2581; x_wconf 87' lang='lat' dir='ltr'>restincta</span> <span class='ocrx_word' id='word_1_156' title='bbox 398 2520 566 2581; x_wconf 87' lang='lat' dir='ltr'>considunt.</span> <span class='ocrx_word' id='word_1_157' title='bbox 603 2519 683 2581; x_wconf 91' lang='lat' dir='ltr'>uude</span> <span class='ocrx_word' id='word_1_158' title='bbox 698 2521 801 2581; x_wconf 92' lang='lat' dir='ltr'>euenit</span> <span class='ocrx_word' id='word_1_159' title='bbox 812 2528 848 2582; x_wconf 90' lang='lat' dir='ltr'>ut</span> <span class='ocrx_word' id='word_1_160' title='bbox 862 2522 944 2600; x_wconf 94' lang='lat' dir='ltr'>quod</span> <span class='ocrx_word' id='word_1_161' title='bbox 957 2523 1046 2583; x_wconf 92' lang='lat' dir='ltr'>multi</span> <span class='ocrx_word' id='word_1_162' title='bbox 1059 2532 1076 2590; x_wconf 87' lang='grc'><strong>7</strong></span> 
     </span>
     <span class='ocr_line' id='line_1_25' title="bbox 141 2618 1046 2698; baseline 0.002 -19"><span class='ocrx_word' id='word_1_163' title='bbox 141 2618 270 2679; x_wconf 89' lang='lat' dir='ltr'>clamore</span> <span class='ocrx_word' id='word_1_164' title='bbox 293 2619 443 2698; x_wconf 85' lang='lat' dir='ltr'>permixto</span> <span class='ocrx_word' id='word_1_165' title='bbox 470 2626 603 2691; x_wconf 90' lang='lat' dir='ltr'>tuentur,</span> <span class='ocrx_word' id='word_1_166' title='bbox 630 2638 718 2679; x_wconf 91' lang='lat' dir='ltr'>nemo</span> <span class='ocrx_word' id='word_1_167' title='bbox 745 2620 915 2680; x_wconf 83' lang='lat' dir='ltr'>tacentibus</span> <span class='ocrx_word' id='word_1_168' title='bbox 939 2621 1046 2681; x_wconf 85' lang='lat' dir='ltr'>ceteris</span> 
     </span>
    </p>

    <p class='ocr_par' dir='ltr' id='par_1_7' title="bbox 95 2715 1044 2896">
     <span class='ocr_line' id='line_1_26' title="bbox 95 2715 1044 2797; baseline 0.002 -21"><span class='ocrx_word' id='word_1_169' title='bbox 95 2731 127 2786; x_wconf 81' lang='lat'>25</span> <span class='ocrx_word' id='word_1_170' title='bbox 140 2715 240 2777; x_wconf 89' lang='lat' dir='ltr'>dicere</span> <span class='ocrx_word' id='word_1_171' title='bbox 264 2716 355 2776; x_wconf 88' lang='lat' dir='ltr'>velit:</span> <span class='ocrx_word' id='word_1_172' title='bbox 384 2716 510 2796; x_wconf 86' lang='lat' dir='ltr'>patescit</span> <span class='ocrx_word' id='word_1_173' title='bbox 532 2717 620 2790; x_wconf 92' lang='lat' dir='ltr'>enim,</span> <span class='ocrx_word' id='word_1_174' title='bbox 643 2737 712 2777; x_wconf 87' lang='lat' dir='ltr'>eum</span> <span class='ocrx_word' id='word_1_175' title='bbox 736 2717 881 2797; x_wconf 88' lang='lat' dir='ltr'>separaris</span> <span class='ocrx_word' id='word_1_176' title='bbox 904 2738 922 2777; x_wconf 91' lang='lat' dir='ltr'>a</span> <span class='ocrx_word' id='word_1_177' title='bbox 946 2718 1044 2792; x_wconf 88' lang='lat' dir='ltr'>turba,</span> 
     </span>
     <span class='ocr_line' id='line_1_27' title="bbox 140 2814 832 2896; baseline 0 -21"><span class='ocrx_word' id='word_1_178' title='bbox 140 2814 354 2894; x_wconf 89' lang='lat' dir='ltr'>contemplatio</span> <span class='ocrx_word' id='word_1_179' title='bbox 368 2834 469 2874; x_wconf 91' lang='lat' dir='ltr'>rerum</span> <span class='ocrx_word' id='word_1_180' title='bbox 483 2834 559 2892; x_wconf 91' lang='lat' dir='ltr'>quae</span> <span class='ocrx_word' id='word_1_181' title='bbox 573 2814 664 2874; x_wconf 92' lang='lat' dir='ltr'>turba</span> <span class='ocrx_word' id='word_1_182' title='bbox 677 2823 832 2896; x_wconf 84' lang='lat' dir='ltr'>teguntur.</span> 
     </span>
    </p>

    <p class='ocr_par' dir='ltr' id='par_1_8' title="bbox 139 2899 1074 3090">
     <span class='ocr_line' id='line_1_28' title="bbox 181 2899 1074 2990; baseline 0.003 -19"><span class='ocrx_word' id='word_1_183' title='bbox 181 2911 340 2972; x_wconf 89' lang='lat' dir='ltr'>Venerunt</span> <span class='ocrx_word' id='word_1_184' title='bbox 353 2899 415 2990; x_wconf 63' lang='lat' dir='ltr'>&#39;qui</span> <span class='ocrx_word' id='word_1_185' title='bbox 437 2911 540 2972; x_wconf 86' lang='lat' dir='ltr'>adesse</span> <span class='ocrx_word' id='word_1_186' title='bbox 565 2921 651 2972; x_wconf 88' lang='lat' dir='ltr'>erant</span> <span class='ocrx_word' id='word_1_187' title='bbox 675 2912 756 2987; x_wconf 88' lang='lat' dir='ltr'>iussi,</span> <span class='ocrx_word' id='word_1_188' title='bbox 780 2913 922 2974; x_wconf 88' lang='lat' dir='ltr'>Vitellius</span> <span class='ocrx_word' id='word_1_189' title='bbox 945 2913 1074 2982; x_wconf 68' lang='lat' dir='ltr'>Honos</span> 
     </span>
     <span class='ocr_line' id='line_1_29' title="bbox 139 3007 1045 3090; baseline 0.003 -20"><span class='ocrx_word' id='word_1_190' title='bbox 139 3018 224 3070; x_wconf 87' lang='lat' dir='ltr'>ratus</span> <span class='ocrx_word' id='word_1_191' title='bbox 249 3018 280 3070; x_wconf 91' lang='lat' dir='ltr'>et</span> <span class='ocrx_word' id='word_1_192' title='bbox 304 3007 427 3070; x_wconf 86' lang='lat' dir='ltr'>Flauius</span> <span class='ocrx_word' id='word_1_193' title='bbox 452 3009 640 3070; x_wconf 87' lang='lat' dir='ltr'>Marcianus:</span> <span class='ocrx_word' id='word_1_194' title='bbox 671 3031 709 3072; x_wconf 85' lang='lat' dir='ltr'>ex</span> <span class='ocrx_word' id='word_1_195' title='bbox 736 3011 845 3090; x_wconf 91' lang='lat' dir='ltr'>quibus</span> <span class='ocrx_word' id='word_1_196' title='bbox 869 3010 1045 3073; x_wconf 91' lang='lat' dir='ltr'>Honoratus</span> 
     </span>
    </p>
   </div>
   <div class='ocr_carea' id='block_1_3' title="bbox 133 3231 1058 3390">
    <p class='ocr_par' dir='ltr' id='par_1_9' title="bbox 133 3231 1058 3390">
     <span class='ocr_line' id='line_1_30' title="bbox 140 3231 1058 3301; baseline 0.003 -20"><span class='ocrx_word' id='word_1_197' title='bbox 140 3234 152 3281; x_wconf 96' lang='lat' dir='ltr'>l</span> <span class='ocrx_word' id='word_1_198' title='bbox 172 3231 311 3298; x_wconf 86' lang='lat' dir='ltr'>proconsul</span> <span class='ocrx_word' id='word_1_199' title='bbox 325 3246 343 3282; x_wconf 84' lang='lat' dir='ltr'>a</span> <span class='ocrx_word' id='word_1_200' title='bbox 357 3248 405 3297; x_wconf 81' lang='lat' dir='ltr'>pro</span> <span class='ocrx_word' id='word_1_201' title='bbox 422 3231 527 3282; x_wconf 88' lang='lat' dir='ltr'>consule</span> <span class='ocrx_word' id='word_1_202' title='bbox 541 3232 594 3283; x_wconf 84' lang='lat' dir='ltr'>rell.</span> <span class='ocrx_word' id='word_1_203' title='bbox 631 3233 746 3301; x_wconf 75' lang='lat' dir='ltr'>apetlit</span> <span class='ocrx_word' id='word_1_204' title='bbox 761 3236 831 3286; x_wconf 72' lang='lat' dir='ltr'>uta</span> <span class='ocrx_word' id='word_1_205' title='bbox 845 3232 919 3300; x_wconf 63' lang='lat' dir='ltr'>petit</span> <span class='ocrx_word' id='word_1_206' title='bbox 930 3236 993 3285; x_wconf 56' lang='lat' dir='ltr'>lou.</span> <span class='ocrx_word' id='word_1_207' title='bbox 1018 3233 1058 3284; x_wconf 65' lang='lat' dir='ltr'>‘R</span> 
     </span>
     <span class='ocr_line' id='line_1_31' title="bbox 133 3313 931 3390; baseline 0.016 -30"><span class='ocrx_word' id='word_1_208' title='bbox 133 3319 196 3362; x_wconf 76' lang='lat' dir='ltr'>et...</span> <span class='ocrx_word' id='word_1_209' title='bbox 206 3313 360 3364; x_wconf 79' lang='lat' dir='ltr'>Honoratus</span> <span class='ocrx_word' id='word_1_210' title='bbox 369 3329 418 3366; x_wconf 85' lang='lat' dir='ltr'>om.</span> <span class='ocrx_word' id='word_1_211' title='bbox 433 3319 499 3372; x_wconf 67' lang='lat' dir='ltr'>nvo</span> <span class='ocrx_word' id='word_1_212' title='bbox 510 3315 670 3375; x_wconf 84' lang='lat' dir='ltr'>Martianus</span> <span class='ocrx_word' id='word_1_213' title='bbox 680 3325 767 3387; x_wconf 74' lang='lat' dir='ltr'>roua,</span> <span class='ocrx_word' id='word_1_214' title='bbox 781 3338 813 3374; x_wconf 82' lang='lat' dir='ltr'>oa</span> <span class='ocrx_word' id='word_1_215' title='bbox 824 3321 931 3390; x_wconf 72' lang='lat' dir='ltr'>ultraue</span> 
     </span>
    </p>
   </div>
   <div class='ocr_carea' id='block_1_4' title="bbox 0 0 1130 3698">
    <p class='ocr_par' dir='ltr' id='par_1_10' title="bbox 0 0 1130 3698">
     <span class='ocr_line' id='line_1_32' title="bbox 0 0 1130 3698; baseline 0 4"><span class='ocrx_word' id='word_1_216' title='bbox 0 0 1130 3698; x_wconf 95' lang='lat' dir='ltr'> </span> 
     </span>
    </p>
   </div>
  </div>
 </body>
</html>
