2250 3698
140 213 194 275 n.
212 214 279 280 (m
291 216 332 280 12)
391 215 591 270 EPISTVLAE
613 217 804 272 SELEOI'AE
1017 217 1052 278 m

141 383 212 425 curn
231 363 265 425 in
287 363 378 444 Syria
397 364 538 426 tribunus
558 365 728 440 militarem,
751 374 818 427 erte
844 366 1050 430 familiaritate

142 461 318 542 complexim
332 482 408 536 sum,
420 461 513 541 idque
522 463 655 543 primum
665 483 725 524 non
736 463 849 525 nullius
859 463 968 525 indolis
979 465 1049 527 dedi

142 559 302 640 specimen,
325 558 408 638 quod
429 560 529 621 uirum
548 569 603 621 eut
622 561 788 641 sapientem
806 570 861 621 eut
878 562 1049 641 proximum

143 656 391 736 simillimumque
411 657 539 738 sapienti
560 658 735 740 intellegere
757 679 825 720 sum
845 659 936 720 nnus.
978 672 1079 730 name

117 773 181 827 sex
216 756 356 816 omnibus
392 756 445 834 qui
472 776 552 817 nunc
579 777 611 818 oe
639 756 831 837 philosophos
859 766 969 819 nocent
996 758 1049 818 uix

143 874 239 914 unum
262 862 317 915 eut
338 853 469 914 alterurn
491 855 627 916 inuenies
648 862 736 915 tanta
758 855 938 930 sinceritate,
962 863 1050 915 tenta

143 953 289 1033 ueritate,
325 953 493 1030 mittoque
510 953 658 1032 patientia
678 953 808 1032 eorporis
829 952 942 1013 hiemes
962 953 1050 1013 iuxta

143 1058 174 1111 et
192 1058 325 1111 aestates
345 1050 432 1124 leret,
455 1049 602 1111 nt-nullis
624 1050 776 1111 laboribus
798 1049 894 1124 cedat,
917 1058 953 1110 ut
973 1049 1049 1109 nihil

142 1148 174 1208 in
210 1147 286 1222 cibo,
322 1147 354 1207 in
386 1156 461 1228 potu
495 1147 704 1227 uoluptatibus
732 1147 856 1220 tribuet,
886 1155 922 1206 ut
949 1146 1049 1207 oculos

101 1262 130 1300 ¹0
142 1246 338 1324 animumque
352 1244 513 1306 contineat.
550 1253 623 1305 sunt
637 1245 709 1305 haee
723 1264 840 1323 magne,
856 1243 910 1304 sed
926 1244 958 1303 in
976 1243 1079 1318 alim?

142 1344 174 1403 in
185 1345 243 1404 hoc
256 1363 329 1404 uero
342 1343 473 1418 minima,
489 1342 515 1404 si
529 1343 635 1404 ceteris
650 1342 815 1402 uirtutibus
829 1348 1047 1421 comparentur,

142 1441 253 1519 quibus
268 1441 379 1502 meruit
393 1448 428 1501 ut
446 1461 465 1501 a
484 1440 517 1502 C.
537 1440 678 1500 Musonio
698 1460 735 1500 ex
757 1439 895 1500 omnibus
915 1440 1049 1500 omnium

143 1539 285 1598 ordinum
312 1538 551 1599 adsectatoribus
579 1559 672 1620 gener
699 1538 915 1599 adsumeretur.
972 1550 1078 1616 quaes

143 1636 219 1697 mihi
233 1637 403 1698 recordanti
423 1645 469 1698 est
487 1637 610 1716 quidem
629 1636 794 1698 iucundum
812 1636 893 1716 quod
911 1656 960 1697 rne
980 1656 1048 1696 oum

101 1746 129 1800 15
142 1733 224 1813 apud
239 1733 312 1794 alios
322 1742 389 1795 tum
399 1734 480 1813 apud
491 1742 522 1795 te
533 1735 627 1795 tantis
639 1734 778 1795 laudibus
788 1734 930 1807 cumulat,
944 1754 1049 1794 uereor

142 1840 245 1892 tamen
259 1852 297 1892 ne
312 1831 436 1892 modurn
451 1831 585 1906 excedat,
602 1852 692 1912 quem
706 1832 878 1914 benigniter
889 1831 953 1892 eius
965 1831 1048 1910 (illue

142 1930 224 1990 enim
239 1930 319 1991 unde
334 1930 418 2010 coepi
436 1931 586 2010 reuertor)
606 1950 666 1991 non
687 1931 763 1991 solet
777 1939 889 1990 tenere.
931 1949 1002 1989 narn
1015 1928 1077 1990 in9

142 2028 199 2088 hoc
214 2047 274 2088 nno
288 2028 444 2089 interdum
460 2028 508 2089 uir
523 2029 637 2107 alioqui
651 2027 903 2108 prudentissimus
921 2027 1048 2087 honesto

142 2125 266 2204 quidem
280 2125 333 2186 sed
347 2134 449 2187 temen
463 2146 564 2187 errore
580 2133 727 2197 uersatur,
739 2124 822 2204 quod
833 2123 927 2206 pluris
938 2123 1047 2185 amieos

98 2242 129 2279 ro
142 2244 211 2285 suos
226 2243 317 2303 quam
332 2231 403 2285 sunt
417 2224 592 2285 arbitratur.
635 2223 711 2283 nale.

491 2541 541 2598 2⁷·
577 2541 639 2602 (ΠΙ.
662 2541 734 2603 lale

272 2657 301 2711 0.
322 2657 469 2711 PLINIVS
487 2657 632 2710 OATILIO
649 2656 791 2710 SEVERO
809 2655 877 2708 SVO
894 2656 919 2708 S.

182 2776 311 2838 Veniam
320 2776 359 2837 ad
368 2796 479 2850 cenam,
489 2775 543 2837 sed
551 2775 699 2837 iamnunc
708 2775 839 2855 paciscor
848 2773 888 2833 sit
897 2770 1045 2852 expedita,
1060 2781 1076 2838 1

141 2874 182 2935 sit
197 2895 293 2954 parea,
319 2874 510 2936 ‘Socraticis'
525 2883 647 2935 tantum
663 2869 883 2935 ‘sermonibus'
903 2869 1045 2970 abundet,

95 2987 126 3040 25
141 2972 173 3032 in
183 2971 230 3033 his
239 2992 359 3052 quoque
371 2981 474 3035 teneat
485 2972 617 3033 modurn.
654 2978 744 3034 amnt
755 2971 850 3032 officie
859 2970 1045 3042 antelucana,
1060 2978 1077 3036 2

145 3153 174 3205 17
191 3167 243 3202 non
254 3151 322 3202 solet
332 3156 403 3202 rona
413 3151 481 3203 solet
492 3167 545 3202 non
556 3156 604 3202 MV

176 3239 216 3284 2¹7
235 3235 267 3285 22
285 3234 394 3287 Srvnno
411 3251 459 3286 orn
479 3238 564 3284 Buvs
577 3234 630 3295 (bnt
647 3231 710 3284 Bia
723 3231 802 3283 index
817 3244 893 3282 secer
906 3231 929 3292 οὶ
961 3228 996 3283 28
1010 3227 1049 3281 sit

141 3315 262 3379 expedite
272 3317 420 3370 siemera
430 3317 470 3370 sit
481 3315 610 3386 expedIte
619 3321 659 3372 BP
