2250 3698
82 238 136 295 24.
154 237 218 300 (ΠΙ.
228 240 254 300 t)
329 237 530 289 EPISTVLAE
553 237 743 290 sitirem.
957 239 989 291 51

80 384 256 447 memoriam
271 405 356 445 suem
369 385 534 463 orabatque
548 393 583 445 ut
597 405 628 446 se
642 385 681 445 ab
701 384 810 446 iniuria
830 384 990 447 obliuionis

79 484 243 545 adsereret.
281 482 434 544 ‘Studiosi
453 483 533 556 tres‚'
556 485 589 544 in
617 504 670 544 sex
692 484 846 544 uolumina
866 492 990 563 propter
1017 504 1035 562 5

79 580 312 660 amplitudinem
360 581 459 655 diuisi,
501 581 610 660 quibus
648 590 798 642 oratorem
835 582 874 642 ab
909 582 989 642 incu-

80 679 200 740 nabulis
246 678 382 740 instituit
422 688 454 740 et
498 679 632 758 perfecit.
695 678 796 739 ‘dubii
844 680 988 740 sermonis

52 773 165 852 5octo'
196 772 315 851 scripsit
347 773 403 833 sub
434 771 555 832 Nerone
586 771 756 832 nouissimis
793 773 887 845 annis,
920 793 988 833 cum

78 891 169 932 omne
197 869 367 932 studiorum
396 890 492 951 genus
522 870 612 950 paulo
645 870 768 931 liberius
796 878 828 931 et
861 871 988 932 erectius

78 964 280 1045 periculosum
304 964 433 1025 seruitus
465 963 592 1024 fecisset.
637 970 672 1025 ‘a
693 964 753 1024 fine
777 962 881 1024 Aufidi
903 963 988 1024 Bassi
1017 973 1034 1030 6

78 1058 207 1139 triginta
259 1055 355 1118 unus!
422 1064 564 1118 ‘naturae
612 1057 806 1118 historiarum
860 1057 988 1137 triginta

78 1152 213 1234 septem,'
233 1175 308 1235 opus
329 1154 479 1227 diffusum,
502 1155 663 1228 eruditum,
679 1175 733 1216 nec
750 1155 849 1215 minus
870 1155 987 1215 uarium

34 1287 65 1326 10
78 1273 171 1332 quam
191 1251 256 1332 ipsa
277 1260 394 1313 natura.

120 1349 241 1411 Miraris
275 1349 357 1429 qued
392 1359 439 1411 tot
474 1349 629 1411 uolumina
670 1349 825 1429 multaque
866 1349 898 1409 in
940 1349 987 1411 his
1015 1360 1033 1419 7

78 1457 143 1508 tam
170 1447 343 1527 serupulcsa
370 1447 461 1508 homo
489 1457 650 1527 occupatus
678 1447 862 1509 absoluerit‘l
891 1449 986 1530 magis

78 1547 242 1620 miraberis,
285 1547 311 1607 si
360 1546 461 1619 scieris
514 1547 600 1607 illum
651 1545 828 1625 aliquandiu
882 1566 986 1608 causas

78 1647 226 1720 actitasse,
266 1645 426 1707 decessisse
461 1666 540 1706 anno
582 1654 668 1706 sexto
709 1655 740 1707 et
782 1645 986 1726 quinquagen-

35 1772 65 1826 15
79 1744 162 1817 sime,
189 1742 322 1804 medium
336 1751 455 1823 tempus
478 1743 645 1803 distentum
665 1741 904 1822 impeditumque
926 1763 986 1822 qua

78 1843 181 1902 officiis
201 1842 340 1902 maximis
361 1863 422 1920 qua
442 1842 574 1903 amicitia
594 1842 763 1922 principum
785 1842 889 1924 egisse.
932 1840 985 1902 sed
1014 1854 1031 1912 8

78 1948 144 2000 erat
178 1961 244 2002 aere
285 1940 448 2020 ingenium,
480 1938 655 2000 incredibile
689 1939 832 2012 studium,
869 1960 985 2000 summa

78 2037 244 2116 uigilantia.
295 2037 452 2099 lucubrare
480 2035 695 2097 Vulcanalibus
723 2036 894 2115 incipiebat,
923 2057 984 2096 non

77 2134 251 2213 auspicandi
265 2156 354 2196 causa
371 2135 424 2196 sed
445 2134 596 2208 studendi,
613 2134 717 2195 statim
731 2154 749 2194 a
769 2140 857 2194 nocte
878 2133 982 2207 multa,

31 2263 65 2300 20
77 2233 175 2295 hieme
203 2254 275 2295 uero
309 2235 347 2295 ab
374 2233 449 2302 hora
476 2233 611 2314 septima,
635 2232 684 2293 uel
709 2252 777 2292 cum
804 2229 982 2305 tardissime,

77 2340 191 2406 octaua,
221 2352 308 2412 saepe
337 2341 431 2392 sextu.
481 2339 546 2391 erat
570 2351 640 2391 sane
668 2330 765 2391 somni
792 2329 981 2410 paratissimi,

77 2451 138 2490 non
166 2451 320 2509 nunquam
348 2431 439 2491 etiam
464 2430 544 2490 inter
570 2431 636 2509 ipsa
660 2428 760 2490 studia
788 2428 930 2489 instantis
952 2437 984 2490 et

75 2528 249 2588 deserentis.
291 2536 361 2590 ante
375 2529 472 2589 lucem
485 2527 550 2588 ibat
567 2527 606 2588 ad
623 2526 841 2606 Vespasianum
858 2527 983 2606 impera·
1011 2544 1028 2602 9

75 2630 172 2682 torem
187 2625 270 2701 (nam
290 2622 341 2683 ille
362 2642 481 2701 quoque
501 2622 640 2682 noctibus
661 2621 826 2701 utebatur),
848 2619 919 2679 inde
943 2619 981 2679 ed

29 2741 61 2797 ²5
74 2720 247 2800 delegatum
268 2720 325 2781 sibi
345 2720 482 2781 officium,
524 2740 662 2781 reuersus
682 2720 814 2792 domum,
836 2716 919 2796 quod
938 2737 982 2778 re-

75 2819 191 2897 liquum
205 2819 349 2899 temporis
364 2818 472 2880 studiis
486 2818 641 2880 reddebat.
677 2826 747 2898 pest
764 2817 865 2878 eibum
883 2836 979 2896 saepe,
993 2835 1026 2894 10

74 2937 164 2996 quem
183 2917 317 2979 interdiu
331 2917 429 2979 leuem
443 2925 475 2978 et
496 2916 614 2978 facilem
628 2925 767 2978 ueterum
781 2935 864 2976 more
886 2935 981 2975 sume-

74 3015 135 3088 bat,
146 3023 269 3089 aestate,
282 3015 308 3076 si
317 3014 391 3094 quid
400 3015 462 3089 otii,
473 3015 590 3076 iacebat
600 3015 632 3075 in
642 3015 712 3088 sole,
723 3015 799 3076 liber
812 3013 977 3096 legebatur,

74 3180 91 3227 4
107 3177 219 3243 perfecit
236 3183 307 3228 Brea
326 3177 431 3243 perficit
447 3182 513 3228 Uva
549 3179 565 3228 6
581 3177 695 3227 erectius
712 3180 823 3227 Brvoua
838 3175 937 3226 rectius
953 3179 980 3225 Η

15 3306 17 3310 ,
75 3261 217 3311 8naturae
234 3259 352 3311 uveni-'e
368 3265 464 3311 natura
481 3264 518 3311 BP
535 3259 702 3313 naturalium
718 3257 866 3312 Sicbmcdea
893 3255 996 3308 xime

68 3343 262 3394 moram!
