2250 3698
133 186 165 247 8.
183 187 270 252 (1.11)
379 187 581 240 EPISTVLAE
603 187 793 240 SELEOTAE.
1009 189 1041 240 13

132 336 223 416 fugit.
254 335 315 397 iam
323 334 387 396 dies
398 335 483 408 alter,
494 335 612 409 tertius,
624 343 766 413 quartus:
782 334 953 397 abstinebat
963 335 1037 398 cibo.

132 434 217 495 misit
230 433 271 495 ad
283 454 331 494 me
346 454 423 494 uxor
436 433 500 494 eius
515 433 656 513 Hispulla
669 453 857 495 communem
866 434 995 495 amicum
1004 433 1037 497 (l.

133 531 308 594 Geminium
317 552 384 592 oum
393 532 565 592 tristissimo
575 531 691 605 nuntio,
701 531 866 594 destinasse
876 531 1039 594 Corellium

133 629 210 691 mori
231 649 286 691 nec
306 638 360 690 aut
381 630 442 690 suis
470 638 524 690 aut
550 629 630 690 filiae
658 630 796 710 precibus
823 631 912 704 flecti,
941 631 1039 701 solum

105 740 121 796 5
134 748 288 806 superesse
302 748 350 789 me
359 749 377 788 a
387 748 447 806 quo
458 727 592 788 reuocari
602 735 704 807 posset
713 726 754 788 ad
764 728 867 788 uitam.
903 729 1038 790 cucurri:
1051 733 1084 791 1⁰

133 845 330 906 perueneram
340 826 371 885 in
381 826 561 906 proximum,
574 846 643 887 cum
654 824 727 885 mihi
736 824 775 885 ab
784 825 889 886 eadem
898 825 1039 907 Hispulla

133 922 230 984 Iulius
258 923 379 984 Atticus
407 925 529 984 nuntiat
556 923 632 984 nihil
666 923 727 983 iam
761 944 799 984 ne
833 944 881 984 me
916 924 1039 1003 quidem

133 1020 385 1101 impetraturum:
407 1030 471 1082 tam
485 1022 636 1083 obstinate
650 1021 745 1102 magis
759 1042 793 1082 ac
808 1023 903 1102 magis
917 1022 1039 1083 induru-

133 1120 199 1180 isse.
243 1119 363 1180 dixerat
379 1141 450 1180 sane
469 1119 584 1181 medico
601 1119 776 1180 admonenti
793 1119 893 1180 cibum
911 1119 1037 1196 κέκρικα,

91 1237 122 1276 10
133 1237 211 1298 quae
226 1237 287 1278 uox
301 1226 449 1296 quantum
463 1217 670 1278 admirationis
684 1218 716 1277 in
730 1217 831 1279 animo
841 1237 908 1279 meo
919 1225 1039 1279 tantum

133 1315 276 1377 desiderii
290 1316 420 1395 reliquit.

175 1413 285 1495 Cogito
318 1434 378 1494 quo
406 1414 508 1487 amico,
538 1434 598 1493 quo
626 1414 692 1475 uiro
720 1433 844 1475 caream.
900 1413 1039 1495 impleuit
1052 1411 1084 1470 11

134 1512 258 1592 quidam
291 1533 404 1573 annum
435 1513 597 1593 septimum
625 1521 656 1574 ct
683 1513 932 1594 sexagensimum,
962 1533 1039 1592 quae

134 1619 218 1672 aetas
232 1611 324 1671 etiam
337 1611 551 1672 robustissimis
567 1611 639 1671 satis
653 1611 743 1691 longa
757 1619 820 1672 est:
836 1613 904 1672 scio.
943 1612 1041 1672 euasit

93 1733 103 1770 ι
108 1730 121 1783 5
136 1718 313 1790 perpetuam
326 1709 550 1770 ualetudinem:
572 1710 641 1770 scio.
684 1710 812 1770 decessit
826 1710 1039 1791 superstitibus

135 1808 205 1882 suis,
223 1809 349 1870 florente
363 1828 396 1868 re
410 1807 537 1888 publica,
554 1827 632 1886 quae
648 1807 693 1867 illi
711 1808 849 1868 omnibus
866 1809 928 1868 suis
945 1807 1040 1868 carior

135 1914 219 1967 arat:
240 1914 272 1967 ct
289 1905 349 1967 hoc'
363 1905 431 1967 scio.
475 1925 531 1986 ego
545 1911 647 1965 tamen
661 1913 806 1984 tanquam
824 1913 856 1965 et
873 1906 991 1966 iuuenis
1009 1908 1086 1966 0112

135 2005 292 2065 fortissimi
313 2012 410 2065 morte
432 2003 527 2077 doleo,
551 2003 638 2064 doleo
661 2011 771 2075 autem,
796 2001 866 2062 licet
884 2022 931 2063 me
950 2002 1041 2064 imbe-

135 2102 238 2163 cillum
258 2110 354 2182 putes,
377 2121 444 2162 meo
464 2100 592 2162 nomine.
635 2101 721 2160 amisi
743 2100 830 2172 enim,
853 2100 938 2160 amisi
959 2100 1041 2160 uitae

92 2218 124 2255 20
136 2217 220 2257 meae
235 2205 353 2269 testem,
369 2203 524 2269 rectorem,
540 2195 726 2275 magistrum.
763 2194 795 2253 in
807 2214 930 2266 summa,
944 2193 1040 2254 dicam

137 2295 219 2376 quod
239 2295 352 2356 recenti
373 2294 477 2354 dolore
497 2293 704 2355 contubernali
725 2312 792 2353 mco
813 2292 944 2353 Caluisio
966 2292 1038 2365 dixi,

140 2401 262 2455 ‘uereor
276 2414 314 2454 ne
328 2393 537 2474 neglegentius
552 2389 673 2451 uiuam!

178 2490 309 2553 Proinde
323 2491 433 2552 adhibe
448 2489 556 2551 solacia
571 2488 653 2562 mihi,
669 2508 730 2548 non
749 2488 821 2548 haec
839 2494 947 2549 ‘senex
967 2496 1039 2561 erat,
1055 2495 1087 2552 13

141 2725 152 2773 l
179 2722 260 2788 fregit
287 2722 430 2773 Momasson
470 2722 486 2771 3
510 2720 653 2786 geminium
680 2724 763 2769 Bruta
780 2719 913 2783 geminum
941 2731 956 2767 ο
985 2717 1044 2768 Keil

139 2806 301 2871 germaniam
326 2809 353 2854 11
375 2818 528 2869 germanum
549 2807 571 2852 V
610 2803 627 2851 4
654 2799 725 2850 flecti
752 2805 842 2850 Brona
870 2798 969 2849 inflecti
996 2803 1044 2850 HV

139 2889 156 2939 9
183 2889 279 2951 κέκρικα
301 2884 403 2937 mh
424 2888 529 2946 κέκμηκα
553 2883 704 2950 Beroaldm,
725 2883 783 2932 211.
806 2898 864 2932 over
881 2898 946 2932 eras.
968 2887 995 2942 F,
1016 2881 1044 2931 ia

140 2969 217 3020 111001
227 2983 251 3031 ο,
261 2984 310 3019 ons.
323 2970 349 3018 in
361 2967 436 3018 11001(
446 2981 465 3017 u
494 2968 524 3018 lc
541 2967 595 3016 suis
606 2983 654 3015 om.
666 2965 713 3028 afl.
724 2965 846 3015 omnibus
857 2965 925 3016 stvf
952 2965 981 3017 17
996 2980 1045 3029 ago

140 3068 188 3102 mn.
200 3056 247 3103 HV
258 3056 286 3101 ct
297 3050 400 3100 iuuenis
412 3054 439 3099 et
451 3048 588 3098 fortissimi
600 3053 652 3097 Boa
665 3048 768 3097 iuuenis
779 3052 807 3097 at
819 3047 957 3096 fortissimi
970 3051 1006 3095 Fu
1017 3051 1045 3096 st

141 3135 244 3185 iuuenis
255 3137 283 3184 et
294 3131 437 3182 firmissimi
448 3136 496 3181 MV
530 3132 559 3180 18
576 3133 661 3180 morte
675 3129 751 3178 doleo
764 3128 841 3178 doleo
855 3131 945 3178 autem
956 3132 1047 3178 Brona

141 3222 253 3268 mortem
281 3214 357 3265 doleo
384 3212 461 3263 doleo
488 3216 577 3263 autam
604 3217 626 3262 V
655 3215 767 3262 mortem
798 3208 874 3259 doleo
902 3212 992 3258 scitam
1020 3214 1047 3259 1

142 3301 173 3351 19
188 3299 266 3349 amisi
278 3312 326 3346 om·
341 3295 388 3360 “fl-
402 3297 473 3345 anim
483 3293 552 3345 W
