2250 3698
136 236 190 295 69.
207 235 269 300 (IX.
279 237 322 300 33)
386 237 587 291 EPISTVLAE
604 238 796 292 SELECTAE.
995 242 1042 296 129

135 383 240 446 Attica
261 384 305 445 ita
326 384 496 460 noscitauit‚
513 384 595 448 οὗτός
610 384 672 445 ἐστι
686 385 880 463 Δημοσθένης,
895 407 953 468 ego
969 387 1042 449 eele-

135 482 247 544 britate
261 483 392 544 nominis
406 484 465 543 mei
478 483 610 564 gaudere
624 504 685 544 ncn
699 483 813 546 debecl
853 505 909 567 ego
923 506 996 547 uero
1011 495 1042 548 et

134 580 253 662 gaudeo
273 588 306 642 et
324 580 458 663 gaudere
479 601 526 642 me
540 581 616 643 dico.
658 602 756 661 neque
777 582 856 645 enim
877 602 983 644 uereor
1004 581 1072 646 neb

134 678 296 751 iactantior
316 679 429 754 uidear,
448 699 517 741 eum
537 679 575 741 de
596 699 644 740 me
664 680 792 742 aliorum
811 681 964 755 iudicium,
980 702 1042 743 nou

108 787 236 842 Smeum
263 777 393 858 profero,
419 777 595 856 praesertim
619 778 701 858 apud
725 786 765 853 te,
791 780 843 859 qui
871 799 926 841 nec
950 779 1041 841 ullius
1084 789 1089 798 '

134 875 254 939 inuidos
267 875 407 938 laudibus
422 883 454 938 st
467 874 552 937 sauss
566 876 684 938 nostris.
728 877 804 939 uale.

486 1135 539 1194 68.
573 1137 632 1200 (ΙΧ.
646 1141 700 1200 24.)

317 1271 346 1325 0.
366 1270 513 1324 PLINIVS
530 1271 731 1325 SABINIANO
748 1272 816 1325 SVO
833 1273 860 1325 8.

177 1400 260 1463 Bene
283 1400 382 1462 fecisti
406 1401 488 1481 quod
511 1403 655 1463 libertum
676 1403 838 1481 aliquando
861 1403 917 1464 tibi
939 1424 1041 1465 carum

92 1539 124 1578 10
134 1499 348 1562 reducentibus
373 1501 510 1580 epistulis
537 1502 611 1562 meis
638 1502 671 1561 in
694 1501 825 1576 domum,
851 1502 883 1562 in
907 1503 1041 1564 animum

136 1599 282 1679 recepisti.
325 1598 444 1659 iuuabit
465 1599 528 1659 hoc·
541 1607 590 1660 te:
611 1620 660 1660 me
674 1608 755 1661 certe
776 1600 880 1675 iuuat;
900 1601 1039 1679 primum,

136 1697 217 1776 quod
238 1705 269 1758 tc
283 1705 347 1758 tam
361 1696 552 1758 tractabilem
573 1697 662 1758 uideo
682 1706 718 1758 ut
738 1698 770 1758 in
790 1699 836 1759 ira
851 1699 916 1780 regi
936 1701 1038 1780 possis,

137 1795 252 1870 deinde,
271 1794 353 1874 quod
374 1802 496 1856 tantum
516 1795 591 1855 mihi
612 1795 720 1856 tribuis
741 1803 776 1856 ut
797 1796 846 1857 uel
866 1798 1041 1859 auctoritati

136 1913 219 1954 meae
239 1914 344 1974 pareas
362 1893 411 1955 uel
429 1894 566 1974 precibus
584 1893 750 1974 indulgeas.
793 1895 887 1975 igitur
905 1903 936 1956 et
950 1895 1042 1957 laude

94 2028 122 2082 ¹5
136 1999 168 2054 ct
181 1991 294 2072 gratias
308 2012 373 2072 ago.
403 1993 493 2053 simul
507 1993 539 2052 iu
552 2000 708 2071 posterum
721 2012 829 2052 moneo
843 2000 878 2053 ut
891 2001 923 2053 te
938 1995 1042 2054 errori·

135 2091 193 2150 bus
207 2097 338 2165 tuorum,
356 2090 413 2151 etsi
428 2110 489 2150 non
503 2089 596 2150 fuerit
611 2090 663 2168 qui
677 2089 855 2169 deprecetur
865 2090 1041 2174 placabilem

135 2195 277 2270 praestes.
320 2188 396 2251 uals.
930 2192 950 2229 ἱ

485 2449 538 2507 69.
573 2450 632 2512 (IX.
646 2451 700 2514 33.)

339 2583 368 2637 G.
388 2584 536 2637 PLINIVS
552 2583 708 2637 ΟΑΝΙΝΙΟ
724 2585 792 2638 SVO
809 2587 835 2639 S.

90 2734 123 2772 ω
177 2715 274 2779 Incidi
300 2716 332 2775 in
355 2717 514 2777 materiam
538 2736 649 2790 ueram,
674 2716 727 2777 sed
751 2715 933 2776 simillimam
954 2713 1069 2778 fictael

135 2814 318 2897 dignamque
332 2814 392 2875 istc
405 2813 577 2888 laetissimo,
591 2814 744 2889 altissimo,
761 2813 909 2894 planeque
924 2816 1041 2894 poetico

135 2913 266 2994 ingenio,
302 2912 395 2973 incidi
432 2922 543 2987 autem,
581 2912 654 2973 dum
692 2933 782 2992 super
818 2933 922 2975 cenam
957 2914 1066 2980 uaria

136 3089 150 3141 l
168 3087 313 3138 concitauit
321 3091 382 3138 flou
394 3087 587 3138 demonstrauit
598 3101 615 3138 a

169 3176 212 3219 οῦ
231 3169 262 3220 12
276 3173 333 3220 tam
343 3168 511 3220 tractabilem
523 3174 584 3220 Heu
595 3169 675 3220 talem
686 3183 704 3220 a
734 3170 764 3221 13
778 3170 850 3236 quod
861 3183 913 3221 oua
923 3185 1004 3234 quum
1015 3174 1042 3219 11

138 3253 170 3302 14
186 3256 214 3302 et
225 3251 305 3302 laudo
316 3257 344 3303 et
356 3265 409 3303 oua
419 3252 499 3303 laudo
511 3258 538 3303 et
550 3256 577 3302 11
610 3255 646 3315 (u
657 3251 747 3304 break
757 3252 829 3317 offla
840 3252 892 3304 IX.
906 3256 945 3304 26.
960 3255 987 3318 8)

170 3339 212 3386 οῦ
228 3334 259 3387 21
278 3335 330 3387 isto
341 3333 486 3387 laetissimo
496 3347 514 3385 a
525 3334 681 3387 scholastico
693 3337 757 3398 (ssc-
769 3336 798 3399 n)
810 3347 844 3388 cu

583 3427 596 3466 1

606 3638 688 3649 n—
