2250 3698
135 234 168 292 72
343 235 371 288 0.
391 231 494 287 PLINI
511 231 657 288 CAECILI
674 231 833 285 suevum
859 231 911 290 35.
929 233 988 296 (IV.
999 232 1043 296 22)

134 382 347 463 imperatorem
362 403 423 444 non
437 383 536 443 minus
547 381 676 443 fortiter.
716 381 843 442 cenabat
857 380 960 442 Nerua
973 400 1042 441 cum

134 481 256 562 paucis:
279 480 408 542 Veiento
423 481 578 562 proximus
592 490 685 560 atque
700 480 792 541 etiam
806 479 838 539 in
852 480 920 540 sinu
931 499 1043 540 recum-

103 579 244 644 abebat:
266 580 331 640 dixi
347 580 456 654 omnia,
473 600 542 640 cum
560 579 713 640 hominem
731 578 893 639 nominaui.
936 577 1043 639 incidit

133 699 231 740 sermo
252 679 291 739 de
315 677 435 740 Catullo
460 678 631 752 Messalino,
658 678 711 757 qui
732 677 896 739 luminibus
919 676 1042 737 orbatus

132 776 254 857 ingenio
269 797 359 837 saeuo
378 777 458 837 mala
477 777 629 838 caecitatis
648 775 825 837 addiderat:
848 796 909 837 non
923 775 1043 837 uerebar
1073 793 1087 849 ς

133 882 193 949 tur,
209 895 269 935 non
284 874 487 948 erubescebat,
504 896 564 935 non
579 875 795 951 miserebatur;
818 895 877 954 quo
892 875 1011 954 saepius
1024 896 1043 934 a

133 972 308 1033 Domitiano
329 993 389 1033 non
411 994 495 1034 secus
516 995 551 1034 ac
572 974 641 1048 tela,
665 994 741 1053 quae
766 983 797 1035 et
819 974 884 1054 ipsa
904 993 990 1034 caeca
1011 982 1043 1033 et

133 1070 303 1150 improuida
317 1064 465 1146 feruntur,
482 1072 515 1131 in
529 1072 679 1152 optimum
699 1093 848 1152 quemque
867 1081 1042 1151 contorque-

104 1167 232 1240 abatur.
275 1169 313 1230 de
334 1169 424 1230 huius
446 1171 583 1249 nequitia
604 1171 862 1252 sanguinariisque
884 1171 1042 1232 sententiis

133 1267 165 1327 in
190 1287 347 1328 commune
371 1289 474 1329 omnes
498 1289 588 1349 super
610 1289 715 1330 cenam
739 1270 947 1348 loquebantur,
974 1290 1041 1330 cum
1059 1286 1087 1323 10

132 1365 196 1445 ipse
226 1364 390 1445 imperator
421 1367 514 1444 ‘quid
542 1376 684 1446 putamus
713 1388 870 1448 passurum
894 1368 993 1442 fuisse,
1017 1368 1042 1427 si

132 1463 251 1524 uiueret
259 1463 280 1524 ‘l'
297 1473 328 1524 et
343 1465 497 1525 Mauricus
515 1465 686 1526 ‘nobiscum
701 1466 839 1526 cenaret'
896 1510 899 1517 .

102 1572 120 1630 7
172 1560 306 1642 Longius
332 1561 401 1634 abii,
425 1562 521 1622 libens
547 1570 657 1623 tamen.
709 1562 822 1643 placuit
846 1583 943 1643 agona
964 1562 1040 1635 tolli,

132 1659 185 1738 qui
219 1679 317 1719 mores
348 1657 566 1719 Viennensium
601 1660 754 1734 infecerat,
791 1669 826 1720 ut
861 1669 963 1720 noster
993 1660 1042 1720 hic

131 1757 275 1818 omnium.
318 1777 388 1817 nam
414 1744 632 1819 Viennensium
661 1759 737 1819 uitia
761 1758 841 1818 intra
868 1759 948 1838 ipsos
973 1758 1043 1818 resi·
1059 1770 1086 1823 ¹5

131 1856 218 1931 dunt,
234 1863 338 1917 nostra
353 1854 413 1917 late
429 1864 588 1937 ungantur,
606 1865 700 1935 utque
714 1857 746 1917 in
764 1857 936 1936 corporibus
954 1856 1041 1917 sicin

131 1953 264 2034 imperio,
282 1953 478 2036 grauissimus
497 1963 543 2014 est
562 1954 685 2015 morbus
704 1956 757 2034 qui
778 1977 796 2016 a
816 1956 914 2036 capite
934 1956 1042 2016 diffun-

131 2051 223 2113 ditur.
266 2052 342 2114 uale.

133 2217 145 2265 l
158 2231 211 2265 non
222 2215 310 2266 minus
321 2232 369 2267 om.
381 2221 427 2278 BP,
439 2217 501 2268 add.
513 2217 568 2269 rell.
580 2217 650 2268 forte
660 2221 698 2268 ΒΡ
709 2217 816 2268 fortiter
826 2217 881 2268 rell.
918 2217 1042 2266 4catullo

131 2315 180 2349 om.
194 2304 241 2360 BF,
254 2299 317 2350 aad.
335 2300 442 2361 (Catulo
453 2305 481 2363 a)
495 2301 548 2351 rell.
564 2301 673 2351 orbatus
685 2305 758 2351 Brun
772 2301 851 2350 orbus
862 2314 878 2350 ο
889 2305 983 2365 captus
994 2305 1042 2349 HV

131 2382 215 2447 liquo
230 2398 279 2433 om.
294 2388 356 2444 Bra,
372 2385 434 2434 adai.
451 2385 504 2434 rell.
544 2387 574 2435 10
585 2401 644 2435 cunr
662 2384 751 2435 13qu
765 2389 822 2435 tum
836 2387 906 2448 (app.
923 2399 987 2434 corr.
997 2383 1037 2444 fr.

131 2480 192 2514 cum
202 2468 231 2527 P)
243 2471 314 2516 roua
348 2467 380 2516 12
395 2472 424 2517 et
434 2483 482 2518 ona
497 2471 577 2529 Broc,
591 2468 654 2518 add.
668 2472 734 2519 ssva
