2250 3698
148 247 199 306 79.
218 248 263 310 (Χ.
277 249 317 311 12)
395 246 596 301 EPISTVLAE
614 248 805 301 SELEOTAE.
1007 249 1054 302 139

147 395 264 457 debeat.
306 402 463 474 praeterea
486 396 647 457 continuae
671 396 845 457 sterilitates
873 404 986 478 cogunt
1005 417 1054 458 me

148 493 186 555 de
199 493 425 555 remissionibus
440 494 580 575 cogitare,
597 515 725 573 quarum
738 496 886 556 rationem
900 496 958 556 nisi
972 515 1054 575 prac-

148 612 215 653 sens
229 592 306 653 inire
320 613 380 653 non
394 612 525 672 possum.
568 592 685 655 debebo
706 613 785 674 ergo,
807 593 935 668 domine,
957 594 1082 655 indul-e

147 691 267 771 gentiae
292 698 363 751 tuae
388 699 419 752 et
442 690 566 771 pietatis
590 711 674 753 meae
698 692 882 753 celeritatem
904 700 936 754 et
956 700 1054 753 status

119 789 376 863 seminationem,
393 789 418 849 si
438 789 513 851 mihi
535 790 574 851 ob
595 798 723 869 utraque
745 791 818 851 haec
838 790 957 852 dederis
977 811 1054 851 com-

148 895 282 947 meatum
316 888 443 969 triginta
476 889 602 950 dierum.
656 909 754 968 neque
788 889 868 950 enim
895 890 1053 970 angustius

79 1027 80 1032 κ
148 992 267 1065 tempus
295 986 453 1066 praefinire
480 1007 609 1067 possum,
640 1008 708 1048 cum
736 995 768 1048 et
798 987 993 1067 municipium
1021 995 1054 1049 et

147 1084 212 1164 agri
240 1083 278 1144 de
307 1084 415 1162 quibus
443 1084 550 1163 loquor
579 1085 641 1145 sint
668 1085 750 1146 ultra
777 1086 994 1147 centensimum
1022 1093 1054 1147 et

148 1181 450 1264 quinquagensimum
467 1182 606 1264 lapidem.

104 1459 135 1496 ιο
472 1441 525 1500 78.
559 1442 602 1504 (Χ.
623 1444 729 1506 9[25})

430 1558 618 1610 TRAIANVS
636 1558 768 1612 PLINIO.

188 1671 229 1732 Et
245 1670 356 1731 multas
378 1678 410 1731 et
431 1689 533 1730 omnes
554 1670 689 1751 publicas
709 1692 812 1733 causas
832 1671 955 1752 petendi
976 1692 1053 1735 com-

149 1777 266 1831 meatus
287 1767 466 1830 reddidisti:
487 1769 561 1829 mihi
582 1777 684 1831 autem
705 1770 754 1831 uel
768 1770 831 1833 sola
845 1771 986 1832 uoluntas
1000 1779 1054 1832 tna

149 1868 320 1930 suffecisset.
364 1887 463 1945 neque,
484 1868 564 1929 enim
584 1867 692 1929 dubito
713 1876 753 1942 te,
769 1877 805 1929 ut
823 1870 954 1949 primum
968 1878 1054 1950 potu-

106 1988 136 2043 15
149 1967 215 2041 eris,
230 1966 270 2027 sd
281 1974 344 2027 tam
358 1965 530 2027 districtum
544 1967 673 2027 officium
687 1986 885 2029 reuersurum.
921 1954 1054 2029 statuam

149 2066 220 2146 poni
247 2065 322 2126 mihi
349 2086 368 2125 a
394 2073 426 2125 te
454 2085 490 2126 eo
518 2085 578 2144 quo
605 2064 757 2126 desideras
784 2065 857 2139 loco,
882 2086 1054 2146 quanquam

150 2164 214 2226 eius
241 2163 323 2225 modi
351 2164 500 2224 honorum
527 2163 724 2244 parcissimus,
754 2171 855 2226 tamen
882 2165 990 2245 patior,
1016 2185 1054 2227 ne

149 2262 309 2344 impedisse
323 2283 444 2324 cursum
458 2282 530 2344 erga
543 2283 592 2324 me
605 2262 727 2344 pietatis
741 2269 812 2325 tuae
826 2263 938 2326 uidear.
1031 2290 1034 2294 “

474 2522 527 2582 79.
562 2523 606 2585 (Χ.
624 2525 655 2574 12
671 2525 730 2587 [7].)

105 2663 138 2701 20
280 2640 309 2692 G.
330 2639 476 2692 PLINIVS
494 2639 659 2691 TRAIANO
676 2638 915 2692 IMPERATORI.

191 2753 266 2828 Scio,
279 2754 409 2828 domine,
421 2755 581 2816 memoriae
595 2763 675 2828 tuae,
688 2761 823 2832 quaeest
836 2753 913 2814 bene
927 2752 1055 2815 faciendi

151 2853 347 2927 tenacissima,
363 2873 465 2932 preces
479 2862 597 2915 nostras
611 2853 774 2913 inhaerere.
818 2852 889 2931 quia
903 2859 1005 2913 tamen
1023 2853 1056 2914 in

150 2949 207 3012 hoc
221 2971 340 3029 quoque
353 2951 514 3026 indulsisti,
530 2951 677 3013 admoneo
692 2951 780 3012 simul
794 2958 825 3013 et
838 2952 972 3033 impense
983 2973 1056 3033 rogo

151 3102 167 3152 3
184 3101 285 3153 debebo
297 3102 442 3154 Grmwuius
452 3104 536 3154 debeo
546 3108 584 3154 oa
615 3106 631 3153 4
644 3104 753 3169 pietatis
766 3104 911 3156 Gronouiua
921 3105 1018 3170 pietati
1029 3119 1047 3156 a

185 3192 227 3234 '70
246 3187 277 3236 12
285 3190 313 3236 et
320 3185 419 3236 multas
428 3190 455 3236 et
464 3186 563 3236 omneis
574 3184 693 3250 publicas
704 3191 741 3237 oa
751 3190 778 3236 et
789 3187 910 3253 priuatas
920 3187 1023 3236 multae
1030 3192 1063 3236 et

152 3282 241 3319 omnes
250 3268 371 3332 publicas
383 3267 464 3329 Oat.²;
480 3284 570 3320 omnes
582 3271 653 3322 circle
665 3268 773 3324 inclusit
785 3269 894 3324 Keilian

177 3353 217 3395 70
230 3349 262 3396 21
282 3349 457 3402 beneficiandi
467 3364 487 3404 a
