2250 3698
137 242 190 305 76.
207 245 308 310 (xa)
388 244 590 301 nrlsrvunn
607 245 797 302 enuncrnn.
995 245 1042 306 137

137 394 239 455 omnia
265 394 386 476 integra
409 395 540 456 bonitati
568 404 640 457 tuae
664 406 865 458 reseruarunt.
908 397 1041 460 maluere

137 493 193 554 hoc
220 492 322 572 potius
349 501 485 574 tempore
513 516 562 556 me
589 504 706 576 patrem
733 496 807 569 fieri,
833 516 893 574 quo
920 496 1042 558 futurus

137 610 232 652 essem
246 599 278 652 et
291 612 413 653 securus
427 601 459 654 et
472 593 555 655 felix.

443 794 493 852 75·
530 795 574 857 (X.
595 797 629 848 3u
646 797 722 860 [20].)

108 921 123 978 5
270 909 300 963 0.
315 909 468 994 *PLINIVS
485 910 651 963 TRAIANO
671 911 909 964 IMPERATORI.

178 1024 225 1087 Ut
248 1026 380 1106 primum
400 1047 456 1101 me,
483 1026 612 1101 domine,
638 1027 829 1109 indulgentia
852 1036 953 1088 uestra
977 1030 1071 1107 prol

137 1124 235 1184 mouit
268 1123 308 1185 ad
342 1125 563 1205 praefecturam
597 1126 705 1186 aerarii
739 1126 871 1200 Saturni,
904 1121 1055 1186 omnibns

136 1221 393 1298 aduocationibus,
418 1224 527 1302 quibus
551 1224 665 1303 alioqui
691 1244 846 1302 nunquam
873 1245 955 1285 eram
977 1244 1043 1303 pro

136 1320 249 1382 miscuo
273 1321 404 1396 functus,
431 1323 611 1396 renuntiem,
638 1330 675 1383 ut
687 1331 761 1384 toto
781 1323 883 1384 animo
903 1322 1042 1403 delegato

93 1441 125 1479 ro
137 1418 212 1479 mihi
226 1420 322 1480 officio
342 1441 489 1481 uacarem.
533 1441 593 1499 qua
613 1441 652 1481 ex
673 1441 769 1494 causa,
792 1441 860 1481 cum
881 1428 1072 1500 patronum2

137 1537 185 1579 me
199 1518 397 1598 prouinciales
412 1527 568 1599 optassent
582 1528 687 1580 contra
701 1519 834 1580 Marium
850 1520 994 1594 Priscum,
1011 1528 1043 1582 et

136 1616 211 1696 petii
229 1617 349 1678 ueniam
369 1617 459 1678 huius
480 1618 613 1678 muneris
635 1626 666 1680 et
686 1619 856 1698 impetraui.
900 1619 953 1680 sed
973 1640 1041 1680 cum

137 1723 242 1794 postea
262 1714 365 1776 consul
386 1716 563 1797 designatus
587 1717 752 1778 censuisset
771 1718 922 1799 agendum
945 1719 1042 1778 nobis-

137 1833 213 1887 cum,
236 1833 365 1892 quornm
386 1822 452 1875 erat
472 1815 626 1876 excusatio
648 1823 776 1897 recepta,
799 1825 835 1876 ut
857 1836 988 1876 essemus
1009 1817 1040 1876 in

93 1927 122 1982 rs
136 1921 259 1973 senatus
286 1920 438 1992 potestate
467 1922 699 1993 pateremurque
732 1914 855 1974 nomina
878 1922 981 1974 nostra
1009 1914 1041 1974 in

137 2031 243 2071 urnam
268 2012 370 2085 conici,
397 2011 715 2072 conuenientissimum
741 2031 804 2072 esse
827 2011 1041 2089 tranquillitati

135 2109 246 2171 sacculi
255 2109 302 2170 tui
312 2110 426 2190 putaui,
438 2109 615 2190 pracsertim
626 2117 689 2169 tam
700 2108 879 2182 moderatae,
891 2109 1042 2170 uoluntati

135 2207 312 2287 amplissimi
326 2207 440 2269 ordinis
454 2228 515 2270 non
530 2227 707 2290 repugnare.
750 2207 799 2269 cui
813 2207 956 2287 obsequio
974 2221 1071 2278 meos

135 2314 209 2386 opto
222 2314 259 2366 ut
273 2306 426 2368 existimas
441 2315 577 2369 constare
593 2306 750 2382 rationem,
766 2328 834 2369 cum
848 2307 949 2369 omnia
962 2307 1042 2369 lacta

89 2422 122 2462 ao
135 2403 276 2484 dictaque
286 2425 353 2467 mea
361 2407 487 2487 probare
497 2406 692 2468 sanctissimis
700 2407 833 2468 moribus
844 2406 905 2468 tuis
913 2407 1039 2488 cupiam

450 2609 500 2666 76·
536 2609 581 2671 (X-
601 2610 635 2661 31³
652 2610 727 2673 [21].)

417 2726 606 2779 TRAIANVS
623 2727 755 2778 PLINIO.

175 2840 216 2902 Et
230 2842 304 2903 ciuis
319 2851 350 2904 et
364 2844 511 2904 senatoris
525 2843 597 2904 boni
611 2843 748 2923 partibus
765 2842 888 2905 functus
908 2865 938 2906 es
959 2845 1041 2907 obse

134 2940 240 3019 quium
258 2940 432 3020 amplissimi
458 2935 579 3016 ordinis,
603 2941 684 3020 quod
706 2942 867 3003 iustissime
890 2944 1037 3024 exigebat,

89 3053 121 3108 25
134 3038 323 3118 praestando.
367 3061 441 3118 quas
469 3049 571 3121 partes
595 3040 792 3120 impleturum
820 3051 851 3103 te
875 3042 1040 3103 secundum

134 3146 304 3217 susceptam
318 3137 409 3198 fidem
423 3139 549 3200 confido.

168 3276 209 3320 ¹7⁴
230 3272 241 3320 l
261 3270 376 3320 maluere
387 3271 411 3320 I.
426 3271 460 3322 A.
475 3271 611 3324 nacarios
622 3272 707 3327 malni
718 3289 738 3327 a.

162 3357 201 3399 π
217 3353 251 3402 13
265 3353 413 3404 censuisset
426 3355 564 3424 agendum
578 3359 713 3416 Gratcrca
726 3360 888 3415 censuissent
898 3353 1094 3409 tacenuum.
