2250 3698
150 229 203 288 04.
220 230 281 294 (111.
293 229 334 292 13)
400 228 601 282 EPISTVLAE
617 228 808 282 SELEOTAE.
1008 229 1055 281 123

148 376 253 440 consul
280 375 463 457 designatus,
493 375 568 438 dicit
595 374 749 436 Fabricius
776 373 913 448 Veiento,
943 373 1055 436 Fabius

147 475 342 549 Maximinus,
365 473 489 535 Vettius
510 473 662 547 Proculus,
686 473 799 552 collega
826 473 942 533 Publici
971 461 1054 535 Certi

147 575 186 636 dc
200 593 259 654 quo
269 574 423 654 agebatur,
434 573 538 634 uxoris
548 591 631 633 meae
646 592 737 650 quam
750 572 908 632 amiseram
918 572 1052 645 oltricus,

147 679 217 751 post
230 670 285 731 hos
299 670 439 730 Ammius
452 669 583 730 Flaccus
628 689 732 730 omncs
746 668 872 731 Certum
888 669 1022 730 nondum
1036 690 1054 729 a

119 783 196 837 §me
216 767 406 829 nominatum
426 774 462 828 ut
482 767 671 828 nominatum
691 766 866 840 defendunt,
883 767 1054 846 crimenque

147 865 233 944 quasi
249 865 282 925 in
295 864 395 926 medio
412 851 550 926 relictum
568 864 741 926 defensione
760 864 934 944 suscipiunt.
977 885 1054 943 quae
1067 868 1100 925 14

147 971 303 1043 practerea
321 961 455 1023 dixerint
474 982 535 1023 non
554 969 601 1024 est
619 982 738 1024 necesse
759 983 898 1024 narrare:
919 964 950 1022 in
970 963 1054 1023 libris

148 1061 258 1136 habas3
279 1079 346 1121 sum
360 1060 441 1121 enim
455 1068 562 1122 cuncta
575 1061 709 1141 ipsorum
723 1061 823 1122 uerbis
838 1069 1018 1140 persecutus

189 1159 303 1221 Dicunt
318 1166 423 1219 contra
433 1157 563 1219 Arudius
579 1157 713 1232 Quietus,
724 1156 877 1219 Cornutus
888 1157 1054 1218 Tertullus:
1068 1167 1101 1224 15

104 1278 136 1317 ιο
149 1256 285 1332 Quietus,
307 1255 529 1335 iniquissimum
557 1274 620 1316 esse
648 1255 784 1333 querelas
811 1254 980 1316 dolentium
1008 1274 1056 1315 ex-

148 1354 237 1428 cludi,
263 1354 391 1432 ideoque
415 1353 523 1414 Arriae
544 1361 576 1413 et
603 1352 736 1412 Fanniae
757 1352 804 1412 ius
825 1352 970 1431 querendi
995 1372 1055 1412 non

149 1452 353 1527 auferendum,
369 1472 425 1514 nec
445 1452 589 1512 interesse
610 1451 695 1511 cuius
716 1451 830 1512 ordinis
851 1450 918 1529 quis
939 1451 987 1524 sit,
1003 1450 1055 1511 sed

149 1572 240 1632 quam
250 1571 370 1613 causam
384 1550 511 1611 habeat:
527 1551 686 1623 Cornutus,
697 1550 804 1609 datum
815 1569 846 1610 se
857 1569 875 1608 a
885 1548 1056 1610 consulibus
1069 1556 1102 1613 16

149 1658 282 1711 tutorem
296 1648 422 1710 Heluidi
436 1649 514 1708 filiae
528 1648 701 1726 petentibus
713 1656 808 1708 matre
819 1648 883 1708 eius
894 1654 925 1708 et
935 1646 1056 1720 uitrico,

107 1761 136 1815 ¹5
150 1768 229 1809 nunc
246 1767 365 1828 quoque
380 1766 441 1807 non
461 1745 609 1806 sustinere
626 1745 763 1806 deserere
777 1745 864 1806 officii
881 1745 927 1804 sui
945 1750 1054 1823 partes,

150 1847 182 1906 in
201 1866 261 1925 quo
274 1853 376 1906 tamen
388 1852 419 1905 et
438 1842 600 1904 suodolori
614 1843 738 1904 modum
759 1845 911 1923 imponere
930 1850 961 1902 et
982 1840 1057 1920 cpti-

150 1964 267 2005 marum
281 1944 460 2005 feminarum
475 1942 606 2022 perferre
620 1941 874 2002 modestissimum
887 1938 1058 2013 adfectum,

151 2063 225 2121 quas
241 2049 399 2103 contentas
419 2061 483 2101 esso
501 2039 663 2100 admonere
681 2045 819 2099 senatum
837 2036 954 2097 Publici
974 2035 1057 2096 Oerti

152 2152 293 2201 cruentae
311 2138 494 2200 adulationis
512 2146 543 2198 et
561 2144 672 2216 petere,
689 2136 713 2195 si
733 2153 830 2214 poena
843 2132 950 2214 flagitii
966 2132 1058 2192 mani-

106 2239 304 2299 20festissimi
326 2237 507 2309 remittatur,
531 2242 603 2296 nota
627 2241 708 2294 certe
733 2232 818 2312 quasi
842 2231 974 2292 censoria
995 2229 1059 2290 inu·

151 2344 243 2397 ratur.
280 2343 347 2396 tum
359 2335 474 2395 Satrius
489 2333 586 2394 Rufus
601 2332 701 2393 medio
711 2332 911 2411 ambiguoque
922 2349 1058 2391 sermone
1071 2334 1104 2392 11

155 2437 260 2513 ‘puto’
275 2433 374 2511 inquit
391 2432 547 2492 ‘iniuriam
561 2431 672 2492 factam
686 2430 823 2491 Publicio
838 2428 936 2502 Certe,
953 2429 978 2489 si
997 2448 1058 2488 non

152 2530 330 2592 absoluitur:
346 2530 517 2589 nominatus
529 2536 575 2589 cst
588 2528 627 2589 ab
637 2528 740 2588 amicis
754 2527 860 2587 Arriae
872 2535 902 2587 et
916 2527 1056 2599 Fanniae,

152 2629 324 2694 nominatus
338 2628 376 2688 ab
390 2628 492 2688 amicis
507 2627 576 2687 suis.
620 2647 673 2687 nec
688 2626 831 2686 debemus
846 2625 966 2686 solliciti
981 2644 1044 2685 esse
1051 2647 1059 2699 3

107 2745 138 2799 25
152 2726 241 2787 iidem
261 2727 341 2786 enim
361 2745 424 2800 nos,
444 2726 496 2804 qui
515 2725 592 2785 bene
613 2724 759 2785 sentimus
779 2723 817 2783 de
837 2723 965 2796 homine,
984 2722 1059 2783 iudi-

152 2824 248 2886 caturi
276 2844 398 2885 sumus:
434 2825 458 2884 si
486 2824 630 2884 innocens
661 2829 715 2895 est,
745 2821 822 2882 sicut
853 2828 885 2882 ct
913 2840 1000 2901 spero
1028 2827 1060 2881 et

153 3001 169 3048 2
194 2998 352 3049 maximinus
376 3003 403 3047 11
427 2997 617 3049 Posthuminus
641 3010 658 3046 a
683 2996 822 3063 postimius
847 3009 862 3046 ο
887 2997 1017 3062 postimus
1041 3009 1060 3045 u

153 3081 170 3132 3
186 3081 276 3131 uxoris
289 3097 362 3131 meac
376 3085 403 3129 11
416 3081 506 3130 uxoris
519 3083 608 3130 autem
624 3093 696 3128 meae
710 3077 780 3129 cufa
813 3079 829 3128 9
845 3078 960 3129 Auidius
971 3093 1019 3129 cm.
1033 3082 1060 3126 11

156 3162 187 3213 10
203 3161 314 3223 Quietus
327 3178 376 3212 om.
390 3174 448 3222 oua,
463 3161 525 3210 odd.
540 3166 567 3210 11
599 3160 632 3210 20
649 3164 719 3210 certe
731 3164 775 3209 1111
787 3158 911 3210 Certcoa
943 3161 976 3209 25
992 3157 1059 3209 iudi·

154 3245 241 3294 caturi
260 3258 312 3295 cua
331 3248 359 3294 ct
376 3242 519 3293 iudicaturi
535 3245 562 3291 11
595 3242 628 3292 26
645 3243 714 3292 sicut
728 3240 819 3303 (sicuti
833 3243 862 3302 at
874 3245 904 3308 ct
916 3255 996 3305 suero
1010 3252 1068 3289 oua.

150 3325 348 3388 sicatsperofl
